pizza_id,order_id,pizza_name_id,quantity,order_date,order_time,unit_price,pizza_size
1,1,hawaiian_m,1,1/1/2015,11:38:36,"13,25",M
2,2,classic_dlx_m,1,1/1/2015,11:57:40,16,M
3,2,five_cheese_l,1,1/1/2015,11:57:40,"18,5",L
4,2,ital_supr_l,1,1/1/2015,11:57:40,"20,75",L
5,2,mexicana_m,1,1/1/2015,11:57:40,16,M
6,2,thai_ckn_l,1,1/1/2015,11:57:40,"20,75",L
7,3,ital_supr_m,1,1/1/2015,12:12:28,"16,5",M
8,3,prsc_argla_l,1,1/1/2015,12:12:28,"20,75",L
9,4,ital_supr_m,1,1/1/2015,12:16:31,"16,5",M
10,5,ital_supr_m,1,1/1/2015,12:21:30,"16,5",M
11,6,bbq_ckn_s,1,1/1/2015,12:29:36,"12,75",S
12,6,the_greek_s,1,1/1/2015,12:29:36,12,S
13,7,spinach_supr_s,1,1/1/2015,12:50:37,"12,5",S
14,8,spinach_supr_s,1,1/1/2015,12:51:37,"12,5",S
15,9,classic_dlx_s,1,1/1/2015,12:52:01,12,S
16,9,green_garden_s,1,1/1/2015,12:52:01,12,S
17,9,ital_cpcllo_l,1,1/1/2015,12:52:01,"20,5",L
18,9,ital_supr_l,1,1/1/2015,12:52:01,"20,75",L
19,9,ital_supr_s,1,1/1/2015,12:52:01,"12,5",S
20,9,mexicana_s,1,1/1/2015,12:52:01,12,S
21,9,spicy_ital_l,1,1/1/2015,12:52:01,"20,75",L
22,9,spin_pesto_l,1,1/1/2015,12:52:01,"20,75",L
23,9,veggie_veg_s,1,1/1/2015,12:52:01,12,S
24,10,mexicana_l,1,1/1/2015,13:00:15,"20,25",L
25,10,southw_ckn_l,1,1/1/2015,13:00:15,"20,75",L
26,11,bbq_ckn_l,1,1/1/2015,13:02:59,"20,75",L
27,11,cali_ckn_l,1,1/1/2015,13:02:59,"20,75",L
28,11,cali_ckn_m,1,1/1/2015,13:02:59,"16,75",M
29,11,pepperoni_l,1,1/1/2015,13:02:59,"15,25",L
30,12,cali_ckn_l,1,1/1/2015,13:04:41,"20,75",L
31,12,cali_ckn_s,1,1/1/2015,13:04:41,"12,75",S
32,12,ckn_pesto_l,1,1/1/2015,13:04:41,"20,75",L
33,12,ital_supr_m,1,1/1/2015,13:04:41,"16,5",M
34,13,mexicana_l,1,1/1/2015,13:11:55,"20,25",L
35,14,the_greek_s,1,1/1/2015,13:14:19,12,S
36,15,big_meat_s,1,1/1/2015,13:33:00,12,S
37,15,five_cheese_l,1,1/1/2015,13:33:00,"18,5",L
38,15,soppressata_l,1,1/1/2015,13:33:00,"20,75",L
39,15,the_greek_s,1,1/1/2015,13:33:00,12,S
40,16,four_cheese_l,1,1/1/2015,13:34:07,"17,95",L
41,16,napolitana_s,1,1/1/2015,13:34:07,12,S
42,16,thai_ckn_l,1,1/1/2015,13:34:07,"20,75",L
43,17,bbq_ckn_l,1,1/1/2015,13:53:00,"20,75",L
44,17,calabrese_m,1,1/1/2015,13:53:00,"16,25",M
45,17,five_cheese_l,1,1/1/2015,13:53:00,"18,5",L
46,17,four_cheese_m,1,1/1/2015,13:53:00,"14,75",M
47,17,ital_supr_m,1,1/1/2015,13:53:00,"16,5",M
48,17,ital_veggie_s,1,1/1/2015,13:53:00,"12,75",S
49,17,mediterraneo_m,2,1/1/2015,13:53:00,16,M
50,17,mexicana_l,1,1/1/2015,13:53:00,"20,25",L
51,17,peppr_salami_s,1,1/1/2015,13:53:00,"12,5",S
52,17,spinach_fet_l,1,1/1/2015,13:53:00,"20,25",L
53,18,napolitana_l,1,1/1/2015,13:57:08,"20,5",L
54,19,ital_cpcllo_l,1,1/1/2015,13:59:09,"20,5",L
55,19,sicilian_l,1,1/1/2015,13:59:09,"20,25",L
56,20,big_meat_s,1,1/1/2015,14:03:08,12,S
57,20,five_cheese_l,1,1/1/2015,14:03:08,"18,5",L
58,21,ital_cpcllo_l,1,1/1/2015,14:14:29,"20,5",L
59,22,five_cheese_l,1,1/1/2015,14:16:26,"18,5",L
60,22,ital_cpcllo_m,1,1/1/2015,14:16:26,16,M
61,22,southw_ckn_l,1,1/1/2015,14:16:26,"20,75",L
62,23,southw_ckn_s,1,1/1/2015,14:19:03,"12,75",S
63,24,bbq_ckn_m,1,1/1/2015,14:23:01,"16,75",M
64,24,ital_cpcllo_m,1,1/1/2015,14:23:01,16,M
65,24,pepperoni_m,1,1/1/2015,14:23:01,"12,5",M
66,24,prsc_argla_s,1,1/1/2015,14:23:01,"12,5",S
67,25,sicilian_m,1,1/1/2015,14:44:44,"16,25",M
68,25,thai_ckn_l,1,1/1/2015,14:44:44,"20,75",L
69,26,classic_dlx_s,1,1/1/2015,14:54:26,12,S
70,26,veggie_veg_l,1,1/1/2015,14:54:26,"20,25",L
71,27,bbq_ckn_l,1,1/1/2015,15:11:17,"20,75",L
72,27,classic_dlx_m,1,1/1/2015,15:11:17,16,M
73,27,spinach_fet_l,1,1/1/2015,15:11:17,"20,25",L
74,28,ckn_alfredo_s,1,1/1/2015,15:35:46,"12,75",S
75,29,green_garden_s,1,1/1/2015,15:41:01,12,S
76,30,thai_ckn_l,1,1/1/2015,15:41:25,"20,75",L
77,31,mexicana_m,1,1/1/2015,15:50:18,16,M
78,31,pepperoni_s,1,1/1/2015,15:50:18,"9,75",S
79,32,big_meat_s,1,1/1/2015,15:53:18,12,S
80,32,green_garden_l,1,1/1/2015,15:53:18,"20,25",L
81,32,ital_cpcllo_l,1,1/1/2015,15:53:18,"20,5",L
82,32,ital_supr_m,1,1/1/2015,15:53:18,"16,5",M
83,33,bbq_ckn_l,1,1/1/2015,15:54:08,"20,75",L
84,33,green_garden_s,1,1/1/2015,15:54:08,12,S
85,34,the_greek_s,1,1/1/2015,16:21:21,12,S
86,35,green_garden_m,1,1/1/2015,16:32:04,16,M
87,35,pep_msh_pep_l,1,1/1/2015,16:32:04,"17,5",L
88,35,pepperoni_m,1,1/1/2015,16:32:04,"12,5",M
89,35,thai_ckn_l,1,1/1/2015,16:32:04,"20,75",L
90,36,bbq_ckn_m,1,1/1/2015,16:54:09,"16,75",M
91,36,classic_dlx_m,1,1/1/2015,16:54:09,16,M
92,37,ital_supr_l,1,1/1/2015,16:56:09,"20,75",L
93,37,mexicana_l,1,1/1/2015,16:56:09,"20,25",L
94,38,hawaiian_s,1,1/1/2015,17:03:00,"10,5",S
95,38,ital_cpcllo_l,1,1/1/2015,17:03:00,"20,5",L
96,39,ital_supr_l,1,1/1/2015,17:07:23,"20,75",L
97,40,four_cheese_l,1,1/1/2015,17:14:36,"17,95",L
98,40,southw_ckn_s,1,1/1/2015,17:14:36,"12,75",S
99,41,four_cheese_m,1,1/1/2015,17:15:20,"14,75",M
100,41,green_garden_s,1,1/1/2015,17:15:20,12,S
101,42,big_meat_s,1,1/1/2015,17:28:09,12,S
102,42,five_cheese_l,1,1/1/2015,17:28:09,"18,5",L
103,42,mexicana_l,1,1/1/2015,17:28:09,"20,25",L
104,42,peppr_salami_m,1,1/1/2015,17:28:09,"16,5",M
105,43,ckn_alfredo_m,1,1/1/2015,17:38:34,"16,75",M
106,43,ital_supr_m,1,1/1/2015,17:38:34,"16,5",M
107,43,peppr_salami_l,1,1/1/2015,17:38:34,"20,75",L
108,44,spin_pesto_s,1,1/1/2015,17:54:20,"12,5",S
109,45,four_cheese_l,1,1/1/2015,17:55:48,"17,95",L
110,45,hawaiian_s,1,1/1/2015,17:55:48,"10,5",S
111,45,thai_ckn_m,1,1/1/2015,17:55:48,"16,75",M
112,46,ckn_pesto_l,1,1/1/2015,18:25:51,"20,75",L
113,46,classic_dlx_l,1,1/1/2015,18:25:51,"20,5",L
114,46,thai_ckn_m,1,1/1/2015,18:25:51,"16,75",M
115,47,southw_ckn_l,1,1/1/2015,18:26:34,"20,75",L
116,47,veggie_veg_s,1,1/1/2015,18:26:34,12,S
117,48,ckn_pesto_m,1,1/1/2015,18:26:42,"16,75",M
118,48,green_garden_s,1,1/1/2015,18:26:42,12,S
119,48,prsc_argla_l,1,1/1/2015,18:26:42,"20,75",L
120,48,spicy_ital_l,1,1/1/2015,18:26:42,"20,75",L
121,49,sicilian_l,1,1/1/2015,18:33:00,"20,25",L
122,50,the_greek_xl,1,1/1/2015,18:41:01,"25,5",XL
123,51,bbq_ckn_l,1,1/1/2015,18:48:28,"20,75",L
124,51,pep_msh_pep_l,1,1/1/2015,18:48:28,"17,5",L
125,52,hawaiian_l,1,1/1/2015,18:53:02,"16,5",L
126,52,mexicana_l,1,1/1/2015,18:53:02,"20,25",L
127,52,spicy_ital_l,1,1/1/2015,18:53:02,"20,75",L
128,53,pep_msh_pep_s,1,1/1/2015,18:54:17,11,S
129,53,spinach_supr_m,1,1/1/2015,18:54:17,"16,5",M
130,54,prsc_argla_m,1,1/1/2015,19:01:45,"16,5",M
131,54,thai_ckn_l,1,1/1/2015,19:01:45,"20,75",L
132,55,peppr_salami_s,1,1/1/2015,19:03:19,"12,5",S
133,55,spicy_ital_l,1,1/1/2015,19:03:19,"20,75",L
134,56,classic_dlx_m,1,1/1/2015,19:07:00,16,M
135,56,mediterraneo_l,1,1/1/2015,19:07:00,"20,25",L
136,56,southw_ckn_m,1,1/1/2015,19:07:00,"16,75",M
137,57,classic_dlx_m,1,1/1/2015,19:10:51,16,M
138,58,five_cheese_l,1,1/1/2015,19:30:40,"18,5",L
139,58,pepperoni_m,1,1/1/2015,19:30:40,"12,5",M
140,59,ital_veggie_s,1,1/1/2015,19:40:08,"12,75",S
141,59,pep_msh_pep_s,1,1/1/2015,19:40:08,11,S
142,59,pepperoni_l,1,1/1/2015,19:40:08,"15,25",L
143,60,ckn_pesto_l,1,1/1/2015,20:05:16,"20,75",L
144,60,four_cheese_m,1,1/1/2015,20:05:16,"14,75",M
145,61,bbq_ckn_m,1,1/1/2015,20:08:43,"16,75",M
146,61,ital_supr_l,1,1/1/2015,20:08:43,"20,75",L
147,62,bbq_ckn_m,1,1/1/2015,20:50:16,"16,75",M
148,62,spinach_supr_m,1,1/1/2015,20:50:16,"16,5",M
149,63,pep_msh_pep_m,1,1/1/2015,20:51:42,"14,5",M
150,64,big_meat_s,1,1/1/2015,20:52:08,12,S
151,65,pep_msh_pep_s,1,1/1/2015,21:16:00,11,S
152,65,sicilian_s,1,1/1/2015,21:16:00,"12,25",S
153,65,spicy_ital_s,1,1/1/2015,21:16:00,"12,5",S
154,65,spinach_supr_m,1,1/1/2015,21:16:00,"16,5",M
155,66,classic_dlx_m,1,1/1/2015,21:47:55,16,M
156,66,ital_cpcllo_m,1,1/1/2015,21:47:55,16,M
157,67,southw_ckn_l,1,1/1/2015,22:03:40,"20,75",L
158,68,classic_dlx_m,1,1/1/2015,22:07:32,16,M
159,68,ital_supr_l,1,1/1/2015,22:07:32,"20,75",L
160,68,ital_supr_m,1,1/1/2015,22:07:32,"16,5",M
161,69,bbq_ckn_l,1,1/1/2015,22:12:13,"20,75",L
162,70,ital_veggie_s,1,2/1/2015,11:38:51,"12,75",S
163,70,soppressata_l,1,2/1/2015,11:38:51,"20,75",L
164,71,thai_ckn_l,1,2/1/2015,11:40:50,"20,75",L
165,72,spinach_fet_l,1,2/1/2015,11:57:25,"20,25",L
166,73,thai_ckn_s,1,2/1/2015,11:58:56,"12,75",S
167,74,five_cheese_l,1,2/1/2015,12:01:12,"18,5",L
168,74,mexicana_l,1,2/1/2015,12:01:12,"20,25",L
169,74,spin_pesto_s,1,2/1/2015,12:01:12,"12,5",S
170,74,spinach_supr_l,1,2/1/2015,12:01:12,"20,75",L
171,75,ital_supr_s,1,2/1/2015,12:10:15,"12,5",S
172,75,mediterraneo_l,1,2/1/2015,12:10:15,"20,25",L
173,75,napolitana_l,1,2/1/2015,12:10:15,"20,5",L
174,76,big_meat_s,1,2/1/2015,12:21:17,12,S
175,76,hawaiian_l,1,2/1/2015,12:21:17,"16,5",L
176,76,ital_veggie_l,1,2/1/2015,12:21:17,21,L
177,76,spicy_ital_l,1,2/1/2015,12:21:17,"20,75",L
178,77,bbq_ckn_m,1,2/1/2015,12:22:46,"16,75",M
179,77,hawaiian_m,1,2/1/2015,12:22:46,"13,25",M
180,78,big_meat_s,1,2/1/2015,12:28:14,12,S
181,78,classic_dlx_s,1,2/1/2015,12:28:14,12,S
182,78,four_cheese_l,1,2/1/2015,12:28:14,"17,95",L
183,78,ital_cpcllo_m,1,2/1/2015,12:28:14,16,M
184,78,spicy_ital_l,3,2/1/2015,12:28:14,"20,75",L
185,78,thai_ckn_s,1,2/1/2015,12:28:14,"12,75",S
186,79,ital_cpcllo_l,1,2/1/2015,12:29:11,"20,5",L
187,79,pep_msh_pep_s,1,2/1/2015,12:29:11,11,S
188,79,thai_ckn_l,1,2/1/2015,12:29:11,"20,75",L
189,80,pepperoni_s,1,2/1/2015,12:35:38,"9,75",S
190,80,thai_ckn_m,1,2/1/2015,12:35:38,"16,75",M
191,81,thai_ckn_l,1,2/1/2015,12:40:01,"20,75",L
192,82,big_meat_s,1,2/1/2015,12:45:51,12,S
193,82,cali_ckn_m,1,2/1/2015,12:45:51,"16,75",M
194,82,spicy_ital_l,1,2/1/2015,12:45:51,"20,75",L
195,82,veggie_veg_m,1,2/1/2015,12:45:51,16,M
196,83,southw_ckn_s,1,2/1/2015,12:53:27,"12,75",S
197,84,pepperoni_l,1,2/1/2015,13:13:41,"15,25",L
198,85,classic_dlx_m,1,2/1/2015,13:34:49,16,M
199,85,classic_dlx_s,1,2/1/2015,13:34:49,12,S
200,85,ital_supr_l,1,2/1/2015,13:34:49,"20,75",L
201,85,the_greek_m,1,2/1/2015,13:34:49,16,M
202,86,hawaiian_l,1,2/1/2015,13:40:31,"16,5",L
203,87,ital_cpcllo_m,1,2/1/2015,14:01:02,16,M
204,87,mexicana_m,1,2/1/2015,14:01:02,16,M
205,87,spinach_supr_l,1,2/1/2015,14:01:02,"20,75",L
206,87,spinach_supr_s,1,2/1/2015,14:01:02,"12,5",S
207,88,five_cheese_l,1,2/1/2015,14:10:08,"18,5",L
208,89,soppressata_l,1,2/1/2015,14:30:19,"20,75",L
209,89,thai_ckn_l,1,2/1/2015,14:30:19,"20,75",L
210,90,sicilian_l,1,2/1/2015,15:08:48,"20,25",L
211,90,thai_ckn_s,1,2/1/2015,15:08:48,"12,75",S
212,91,bbq_ckn_l,2,2/1/2015,15:14:43,"20,75",L
213,91,ckn_pesto_s,1,2/1/2015,15:14:43,"12,75",S
214,91,pepperoni_s,1,2/1/2015,15:14:43,"9,75",S
215,92,bbq_ckn_m,1,2/1/2015,15:17:02,"16,75",M
216,92,ital_supr_l,1,2/1/2015,15:17:02,"20,75",L
217,92,ital_supr_m,1,2/1/2015,15:17:02,"16,5",M
218,92,ital_veggie_s,1,2/1/2015,15:17:02,"12,75",S
219,92,pepperoni_m,1,2/1/2015,15:17:02,"12,5",M
220,92,peppr_salami_m,1,2/1/2015,15:17:02,"16,5",M
221,92,spinach_fet_s,1,2/1/2015,15:17:02,12,S
222,92,spinach_supr_s,1,2/1/2015,15:17:02,"12,5",S
223,92,the_greek_m,2,2/1/2015,15:17:02,16,M
224,93,sicilian_m,1,2/1/2015,15:29:31,"16,25",M
225,94,ital_cpcllo_m,1,2/1/2015,16:17:16,16,M
226,94,southw_ckn_s,1,2/1/2015,16:17:16,"12,75",S
227,95,napolitana_s,1,2/1/2015,16:18:04,12,S
228,95,peppr_salami_l,1,2/1/2015,16:18:04,"20,75",L
229,96,napolitana_s,1,2/1/2015,16:21:20,12,S
230,97,big_meat_s,1,2/1/2015,16:45:33,12,S
231,98,classic_dlx_l,1,2/1/2015,17:18:18,"20,5",L
232,98,napolitana_l,1,2/1/2015,17:18:18,"20,5",L
233,99,ital_supr_l,1,2/1/2015,17:45:42,"20,75",L
234,100,hawaiian_l,1,2/1/2015,17:46:17,"16,5",L
235,101,cali_ckn_l,1,2/1/2015,17:51:33,"20,75",L
236,101,pepperoni_l,1,2/1/2015,17:51:33,"15,25",L
237,101,soppressata_l,1,2/1/2015,17:51:33,"20,75",L
238,101,spicy_ital_m,1,2/1/2015,17:51:33,"16,5",M
239,102,bbq_ckn_s,1,2/1/2015,17:54:04,"12,75",S
240,102,prsc_argla_s,1,2/1/2015,17:54:04,"12,5",S
241,103,spinach_supr_s,1,2/1/2015,18:02:09,"12,5",S
242,104,bbq_ckn_m,1,2/1/2015,18:02:12,"16,75",M
243,104,ckn_alfredo_m,1,2/1/2015,18:02:12,"16,75",M
244,104,ital_veggie_m,1,2/1/2015,18:02:12,"16,75",M
245,104,veggie_veg_l,1,2/1/2015,18:02:12,"20,25",L
246,105,hawaiian_s,2,2/1/2015,18:12:01,"10,5",S
247,105,pepperoni_l,1,2/1/2015,18:12:01,"15,25",L
248,105,prsc_argla_m,1,2/1/2015,18:12:01,"16,5",M
249,106,mexicana_l,1,2/1/2015,18:12:13,"20,25",L
250,106,spicy_ital_l,1,2/1/2015,18:12:13,"20,75",L
251,107,cali_ckn_l,1,2/1/2015,18:25:09,"20,75",L
252,107,ital_supr_m,1,2/1/2015,18:25:09,"16,5",M
253,107,spicy_ital_l,1,2/1/2015,18:25:09,"20,75",L
254,107,veggie_veg_l,1,2/1/2015,18:25:09,"20,25",L
255,108,classic_dlx_l,1,2/1/2015,18:25:25,"20,5",L
256,108,hawaiian_l,1,2/1/2015,18:25:25,"16,5",L
257,108,spinach_supr_l,1,2/1/2015,18:25:25,"20,75",L
258,109,ital_cpcllo_l,1,2/1/2015,18:27:50,"20,5",L
259,109,ital_supr_l,1,2/1/2015,18:27:50,"20,75",L
260,109,pepperoni_m,1,2/1/2015,18:27:50,"12,5",M
261,109,prsc_argla_l,1,2/1/2015,18:27:50,"20,75",L
262,110,big_meat_s,1,2/1/2015,18:36:19,12,S
263,110,napolitana_l,1,2/1/2015,18:36:19,"20,5",L
264,110,soppressata_l,1,2/1/2015,18:36:19,"20,75",L
265,110,spicy_ital_s,1,2/1/2015,18:36:19,"12,5",S
266,111,cali_ckn_m,1,2/1/2015,18:38:01,"16,75",M
267,111,five_cheese_l,1,2/1/2015,18:38:01,"18,5",L
268,111,pepperoni_m,1,2/1/2015,18:38:01,"12,5",M
269,111,spin_pesto_l,1,2/1/2015,18:38:01,"20,75",L
270,112,pepperoni_s,1,2/1/2015,18:41:40,"9,75",S
271,113,cali_ckn_l,1,2/1/2015,18:50:21,"20,75",L
272,113,mexicana_l,1,2/1/2015,18:50:21,"20,25",L
273,113,southw_ckn_m,1,2/1/2015,18:50:21,"16,75",M
274,114,pepperoni_l,1,2/1/2015,18:59:32,"15,25",L
275,114,sicilian_s,1,2/1/2015,18:59:32,"12,25",S
276,115,big_meat_s,1,2/1/2015,19:05:17,12,S
277,115,napolitana_l,1,2/1/2015,19:05:17,"20,5",L
278,115,thai_ckn_m,1,2/1/2015,19:05:17,"16,75",M
279,116,five_cheese_l,1,2/1/2015,19:18:49,"18,5",L
280,117,peppr_salami_m,1,2/1/2015,19:23:02,"16,5",M
281,117,sicilian_l,1,2/1/2015,19:23:02,"20,25",L
282,118,prsc_argla_l,1,2/1/2015,19:26:59,"20,75",L
283,118,spinach_fet_s,1,2/1/2015,19:26:59,12,S
284,119,four_cheese_m,1,2/1/2015,19:32:29,"14,75",M
285,120,classic_dlx_s,1,2/1/2015,19:35:07,12,S
286,120,hawaiian_s,1,2/1/2015,19:35:07,"10,5",S
287,120,spinach_fet_l,1,2/1/2015,19:35:07,"20,25",L
288,121,bbq_ckn_m,1,2/1/2015,19:38:48,"16,75",M
289,121,four_cheese_l,1,2/1/2015,19:38:48,"17,95",L
290,121,sicilian_l,1,2/1/2015,19:38:48,"20,25",L
291,121,southw_ckn_l,1,2/1/2015,19:38:48,"20,75",L
292,122,ital_supr_m,1,2/1/2015,19:50:19,"16,5",M
293,123,ital_cpcllo_s,1,2/1/2015,20:12:09,12,S
294,124,bbq_ckn_s,1,2/1/2015,20:12:34,"12,75",S
295,124,sicilian_l,1,2/1/2015,20:12:34,"20,25",L
296,124,spicy_ital_l,1,2/1/2015,20:12:34,"20,75",L
297,124,the_greek_s,1,2/1/2015,20:12:34,12,S
298,125,the_greek_xl,1,2/1/2015,20:31:06,"25,5",XL
299,126,veggie_veg_l,1,2/1/2015,20:53:42,"20,25",L
300,127,pepperoni_m,1,2/1/2015,20:58:23,"12,5",M
301,128,spicy_ital_s,1,2/1/2015,21:05:06,"12,5",S
302,129,big_meat_s,1,2/1/2015,21:13:02,12,S
303,129,the_greek_m,1,2/1/2015,21:13:02,16,M
304,130,hawaiian_s,1,2/1/2015,21:14:55,"10,5",S
305,130,ital_cpcllo_l,1,2/1/2015,21:14:55,"20,5",L
306,130,mexicana_m,1,2/1/2015,21:14:55,16,M
307,130,southw_ckn_s,1,2/1/2015,21:14:55,"12,75",S
308,131,ckn_pesto_l,1,2/1/2015,21:33:10,"20,75",L
309,131,five_cheese_l,1,2/1/2015,21:33:10,"18,5",L
310,131,green_garden_s,1,2/1/2015,21:33:10,12,S
311,131,spinach_supr_s,1,2/1/2015,21:33:10,"12,5",S
312,132,pepperoni_s,1,2/1/2015,21:42:45,"9,75",S
313,133,bbq_ckn_l,1,2/1/2015,22:00:17,"20,75",L
314,133,hawaiian_l,1,2/1/2015,22:00:17,"16,5",L
315,133,the_greek_s,1,2/1/2015,22:00:17,12,S
316,134,big_meat_s,1,2/1/2015,22:13:24,12,S
317,134,southw_ckn_l,1,2/1/2015,22:13:24,"20,75",L
318,134,spinach_supr_s,1,2/1/2015,22:13:24,"12,5",S
319,135,veggie_veg_l,1,2/1/2015,22:29:34,"20,25",L
320,136,five_cheese_l,1,2/1/2015,22:32:49,"18,5",L
321,136,peppr_salami_s,1,2/1/2015,22:32:49,"12,5",S
322,137,mediterraneo_l,1,3/1/2015,11:34:10,"20,25",L
323,137,pepperoni_s,1,3/1/2015,11:34:10,"9,75",S
324,137,spicy_ital_m,1,3/1/2015,11:34:10,"16,5",M
325,138,cali_ckn_m,1,3/1/2015,11:44:50,"16,75",M
326,138,four_cheese_l,1,3/1/2015,11:44:50,"17,95",L
327,138,ital_veggie_l,1,3/1/2015,11:44:50,21,L
328,138,sicilian_m,1,3/1/2015,11:44:50,"16,25",M
329,139,five_cheese_l,1,3/1/2015,11:57:39,"18,5",L
330,140,prsc_argla_s,1,3/1/2015,12:26:44,"12,5",S
331,140,veggie_veg_m,1,3/1/2015,12:26:44,16,M
332,141,classic_dlx_m,1,3/1/2015,13:16:01,16,M
333,142,green_garden_m,1,3/1/2015,13:33:59,16,M
334,143,cali_ckn_s,1,3/1/2015,13:41:36,"12,75",S
335,143,classic_dlx_s,1,3/1/2015,13:41:36,12,S
336,143,hawaiian_l,1,3/1/2015,13:41:36,"16,5",L
337,143,mexicana_m,1,3/1/2015,13:41:36,16,M
338,143,pepperoni_l,1,3/1/2015,13:41:36,"15,25",L
339,143,prsc_argla_s,1,3/1/2015,13:41:36,"12,5",S
340,143,thai_ckn_l,1,3/1/2015,13:41:36,"20,75",L
341,143,veggie_veg_m,1,3/1/2015,13:41:36,16,M
342,144,bbq_ckn_m,3,3/1/2015,13:44:28,"16,75",M
343,144,big_meat_s,1,3/1/2015,13:44:28,12,S
344,144,cali_ckn_l,1,3/1/2015,13:44:28,"20,75",L
345,144,ckn_pesto_m,1,3/1/2015,13:44:28,"16,75",M
346,144,five_cheese_l,1,3/1/2015,13:44:28,"18,5",L
347,144,four_cheese_l,1,3/1/2015,13:44:28,"17,95",L
348,144,pep_msh_pep_s,1,3/1/2015,13:44:28,11,S
349,144,southw_ckn_l,1,3/1/2015,13:44:28,"20,75",L
350,144,southw_ckn_s,1,3/1/2015,13:44:28,"12,75",S
351,144,spicy_ital_l,1,3/1/2015,13:44:28,"20,75",L
352,144,thai_ckn_m,1,3/1/2015,13:44:28,"16,75",M
353,144,veggie_veg_l,1,3/1/2015,13:44:28,"20,25",L
354,145,the_greek_s,1,3/1/2015,13:53:48,12,S
355,146,cali_ckn_l,1,3/1/2015,14:22:10,"20,75",L
356,146,four_cheese_m,1,3/1/2015,14:22:10,"14,75",M
357,146,hawaiian_m,1,3/1/2015,14:22:10,"13,25",M
358,147,the_greek_xl,1,3/1/2015,14:32:51,"25,5",XL
359,148,mediterraneo_s,1,3/1/2015,14:40:42,12,S
360,149,spinach_fet_m,1,3/1/2015,14:48:45,16,M
361,150,pepperoni_m,1,3/1/2015,14:49:58,"12,5",M
362,151,southw_ckn_l,1,3/1/2015,15:09:34,"20,75",L
363,151,spinach_supr_s,1,3/1/2015,15:09:34,"12,5",S
364,152,hawaiian_s,1,3/1/2015,15:09:42,"10,5",S
365,152,spinach_fet_l,1,3/1/2015,15:09:42,"20,25",L
366,152,thai_ckn_s,1,3/1/2015,15:09:42,"12,75",S
367,152,the_greek_m,1,3/1/2015,15:09:42,16,M
368,153,mexicana_m,1,3/1/2015,15:16:34,16,M
369,154,prsc_argla_s,1,3/1/2015,15:22:43,"12,5",S
370,155,ckn_pesto_s,1,3/1/2015,15:28:59,"12,75",S
371,155,napolitana_l,1,3/1/2015,15:28:59,"20,5",L
372,155,pepperoni_l,1,3/1/2015,15:28:59,"15,25",L
373,155,peppr_salami_l,1,3/1/2015,15:28:59,"20,75",L
374,156,napolitana_m,1,3/1/2015,15:42:19,16,M
375,156,thai_ckn_l,1,3/1/2015,15:42:19,"20,75",L
376,157,ital_supr_l,1,3/1/2015,15:43:03,"20,75",L
377,157,mediterraneo_m,1,3/1/2015,15:43:03,16,M
378,157,sicilian_m,1,3/1/2015,15:43:03,"16,25",M
379,157,spin_pesto_m,1,3/1/2015,15:43:03,"16,5",M
380,158,ital_veggie_m,1,3/1/2015,15:54:30,"16,75",M
381,158,thai_ckn_m,1,3/1/2015,15:54:30,"16,75",M
382,159,four_cheese_l,1,3/1/2015,15:59:22,"17,95",L
383,159,thai_ckn_m,1,3/1/2015,15:59:22,"16,75",M
384,160,classic_dlx_m,1,3/1/2015,16:35:33,16,M
385,161,hawaiian_s,1,3/1/2015,16:43:46,"10,5",S
386,161,spicy_ital_m,1,3/1/2015,16:43:46,"16,5",M
387,161,the_greek_xl,1,3/1/2015,16:43:46,"25,5",XL
388,162,big_meat_s,1,3/1/2015,16:51:22,12,S
389,163,hawaiian_m,1,3/1/2015,16:54:54,"13,25",M
390,163,pepperoni_l,1,3/1/2015,16:54:54,"15,25",L
391,163,the_greek_m,1,3/1/2015,16:54:54,16,M
392,164,cali_ckn_l,1,3/1/2015,16:56:33,"20,75",L
393,164,pepperoni_m,1,3/1/2015,16:56:33,"12,5",M
394,165,prsc_argla_m,1,3/1/2015,16:57:37,"16,5",M
395,166,prsc_argla_s,1,3/1/2015,16:58:51,"12,5",S
396,167,bbq_ckn_l,1,3/1/2015,17:00:49,"20,75",L
397,167,ital_supr_m,1,3/1/2015,17:00:49,"16,5",M
398,167,pepperoni_m,1,3/1/2015,17:00:49,"12,5",M
399,168,big_meat_s,1,3/1/2015,17:02:27,12,S
400,168,veggie_veg_m,1,3/1/2015,17:02:27,16,M
401,169,four_cheese_l,1,3/1/2015,17:15:48,"17,95",L
402,169,ital_cpcllo_s,1,3/1/2015,17:15:48,12,S
403,169,sicilian_m,1,3/1/2015,17:15:48,"16,25",M
404,170,hawaiian_l,1,3/1/2015,17:21:31,"16,5",L
405,171,napolitana_m,1,3/1/2015,17:23:03,16,M
406,172,napolitana_s,1,3/1/2015,17:29:24,12,S
407,172,spinach_supr_m,1,3/1/2015,17:29:24,"16,5",M
408,172,thai_ckn_l,1,3/1/2015,17:29:24,"20,75",L
409,173,cali_ckn_m,1,3/1/2015,17:35:30,"16,75",M
410,173,classic_dlx_m,1,3/1/2015,17:35:30,16,M
411,173,veggie_veg_l,1,3/1/2015,17:35:30,"20,25",L
412,174,big_meat_s,1,3/1/2015,17:37:49,12,S
413,174,cali_ckn_l,1,3/1/2015,17:37:49,"20,75",L
414,174,cali_ckn_m,1,3/1/2015,17:37:49,"16,75",M
415,174,ital_cpcllo_m,1,3/1/2015,17:37:49,16,M
416,175,ital_supr_l,1,3/1/2015,17:50:51,"20,75",L
417,176,cali_ckn_l,1,3/1/2015,17:51:57,"20,75",L
418,176,peppr_salami_m,1,3/1/2015,17:51:57,"16,5",M
419,177,napolitana_s,1,3/1/2015,17:54:36,12,S
420,177,thai_ckn_l,1,3/1/2015,17:54:36,"20,75",L
421,178,peppr_salami_l,1,3/1/2015,18:15:03,"20,75",L
422,179,hawaiian_l,1,3/1/2015,18:20:14,"16,5",L
423,179,sicilian_m,1,3/1/2015,18:20:14,"16,25",M
424,179,veggie_veg_s,1,3/1/2015,18:20:14,12,S
425,180,classic_dlx_l,1,3/1/2015,18:33:34,"20,5",L
426,180,prsc_argla_l,1,3/1/2015,18:33:34,"20,75",L
427,181,mexicana_l,1,3/1/2015,18:49:32,"20,25",L
428,182,brie_carre_s,1,3/1/2015,18:50:10,"23,65",S
429,182,peppr_salami_l,1,3/1/2015,18:50:10,"20,75",L
430,183,napolitana_m,1,3/1/2015,18:54:55,16,M
431,183,spin_pesto_l,1,3/1/2015,18:54:55,"20,75",L
432,183,spin_pesto_s,1,3/1/2015,18:54:55,"12,5",S
433,184,hawaiian_l,1,3/1/2015,18:59:05,"16,5",L
434,185,sicilian_m,1,3/1/2015,19:08:33,"16,25",M
435,185,spin_pesto_s,1,3/1/2015,19:08:33,"12,5",S
436,186,mexicana_l,1,3/1/2015,19:36:00,"20,25",L
437,186,southw_ckn_l,1,3/1/2015,19:36:00,"20,75",L
438,186,spin_pesto_l,1,3/1/2015,19:36:00,"20,75",L
439,186,thai_ckn_l,1,3/1/2015,19:36:00,"20,75",L
440,187,five_cheese_l,1,3/1/2015,19:37:12,"18,5",L
441,187,spin_pesto_l,1,3/1/2015,19:37:12,"20,75",L
442,188,five_cheese_l,1,3/1/2015,20:08:39,"18,5",L
443,188,pepperoni_s,1,3/1/2015,20:08:39,"9,75",S
444,188,peppr_salami_l,1,3/1/2015,20:08:39,"20,75",L
445,189,big_meat_s,2,3/1/2015,20:12:14,12,S
446,189,thai_ckn_s,1,3/1/2015,20:12:14,"12,75",S
447,190,bbq_ckn_l,1,3/1/2015,20:14:23,"20,75",L
448,190,four_cheese_m,1,3/1/2015,20:14:23,"14,75",M
449,190,pep_msh_pep_s,1,3/1/2015,20:14:23,11,S
450,190,prsc_argla_l,1,3/1/2015,20:14:23,"20,75",L
451,191,cali_ckn_l,1,3/1/2015,20:24:50,"20,75",L
452,191,ckn_alfredo_m,1,3/1/2015,20:24:50,"16,75",M
453,192,sicilian_s,1,3/1/2015,20:30:08,"12,25",S
454,192,southw_ckn_l,1,3/1/2015,20:30:08,"20,75",L
455,193,big_meat_s,1,3/1/2015,20:55:47,12,S
456,193,cali_ckn_m,1,3/1/2015,20:55:47,"16,75",M
457,193,ckn_alfredo_l,2,3/1/2015,20:55:47,"20,75",L
458,194,bbq_ckn_s,1,3/1/2015,21:21:24,"12,75",S
459,195,bbq_ckn_l,1,3/1/2015,21:25:20,"20,75",L
460,196,sicilian_s,1,3/1/2015,21:40:14,"12,25",S
461,196,spicy_ital_m,1,3/1/2015,21:40:14,"16,5",M
462,196,veggie_veg_m,1,3/1/2015,21:40:14,16,M
463,197,four_cheese_l,1,3/1/2015,21:47:48,"17,95",L
464,197,ital_cpcllo_l,1,3/1/2015,21:47:48,"20,5",L
465,197,ital_veggie_l,1,3/1/2015,21:47:48,21,L
466,197,soppressata_l,1,3/1/2015,21:47:48,"20,75",L
467,198,big_meat_s,1,3/1/2015,21:55:42,12,S
468,198,ckn_alfredo_l,1,3/1/2015,21:55:42,"20,75",L
469,199,ckn_alfredo_m,1,3/1/2015,22:10:38,"16,75",M
470,200,the_greek_xl,1,3/1/2015,22:24:05,"25,5",XL
471,201,calabrese_m,1,3/1/2015,22:29:59,"16,25",M
472,201,ckn_pesto_l,1,3/1/2015,22:29:59,"20,75",L
473,201,ital_supr_l,1,3/1/2015,22:29:59,"20,75",L
474,201,the_greek_xl,1,3/1/2015,22:29:59,"25,5",XL
475,202,cali_ckn_s,1,3/1/2015,22:50:29,"12,75",S
476,203,cali_ckn_l,1,4/1/2015,11:30:48,"20,75",L
477,203,ital_veggie_m,1,4/1/2015,11:30:48,"16,75",M
478,203,pep_msh_pep_l,1,4/1/2015,11:30:48,"17,5",L
479,203,the_greek_s,1,4/1/2015,11:30:48,12,S
480,204,spicy_ital_l,1,4/1/2015,11:36:25,"20,75",L
481,205,cali_ckn_s,1,4/1/2015,11:43:54,"12,75",S
482,205,ckn_alfredo_m,1,4/1/2015,11:43:54,"16,75",M
483,205,prsc_argla_s,1,4/1/2015,11:43:54,"12,5",S
484,206,napolitana_m,1,4/1/2015,11:45:10,16,M
485,206,pepperoni_s,1,4/1/2015,11:45:10,"9,75",S
486,206,spicy_ital_l,1,4/1/2015,11:45:10,"20,75",L
487,207,spicy_ital_l,1,4/1/2015,12:03:58,"20,75",L
488,208,bbq_ckn_l,1,4/1/2015,12:12:05,"20,75",L
489,208,bbq_ckn_s,1,4/1/2015,12:12:05,"12,75",S
490,208,ckn_alfredo_m,1,4/1/2015,12:12:05,"16,75",M
491,208,pepperoni_m,1,4/1/2015,12:12:05,"12,5",M
492,208,the_greek_m,1,4/1/2015,12:12:05,16,M
493,209,cali_ckn_l,1,4/1/2015,12:29:17,"20,75",L
494,210,spinach_fet_s,1,4/1/2015,12:34:13,12,S
495,211,pepperoni_s,1,4/1/2015,12:54:20,"9,75",S
496,212,ital_cpcllo_l,1,4/1/2015,13:16:03,"20,5",L
497,213,four_cheese_l,1,4/1/2015,13:20:39,"17,95",L
498,214,ital_cpcllo_l,1,4/1/2015,13:39:16,"20,5",L
499,214,ital_supr_m,1,4/1/2015,13:39:16,"16,5",M
500,214,mexicana_s,1,4/1/2015,13:39:16,12,S
501,214,spin_pesto_m,1,4/1/2015,13:39:16,"16,5",M
502,215,green_garden_s,1,4/1/2015,13:44:49,12,S
503,216,bbq_ckn_m,1,4/1/2015,14:31:56,"16,75",M
504,216,five_cheese_l,1,4/1/2015,14:31:56,"18,5",L
505,216,hawaiian_l,1,4/1/2015,14:31:56,"16,5",L
506,217,classic_dlx_m,1,4/1/2015,14:35:03,16,M
507,217,spinach_fet_s,1,4/1/2015,14:35:03,12,S
508,218,spicy_ital_m,1,4/1/2015,14:35:11,"16,5",M
509,219,bbq_ckn_l,1,4/1/2015,14:42:01,"20,75",L
510,219,five_cheese_l,1,4/1/2015,14:42:01,"18,5",L
511,219,peppr_salami_m,1,4/1/2015,14:42:01,"16,5",M
512,219,spinach_fet_m,1,4/1/2015,14:42:01,16,M
513,220,hawaiian_s,1,4/1/2015,15:31:59,"10,5",S
514,220,ital_cpcllo_s,1,4/1/2015,15:31:59,12,S
515,220,napolitana_l,1,4/1/2015,15:31:59,"20,5",L
516,220,spicy_ital_l,1,4/1/2015,15:31:59,"20,75",L
517,221,five_cheese_l,1,4/1/2015,15:33:18,"18,5",L
518,221,prsc_argla_m,1,4/1/2015,15:33:18,"16,5",M
519,221,the_greek_s,1,4/1/2015,15:33:18,12,S
520,222,four_cheese_l,1,4/1/2015,15:46:38,"17,95",L
521,222,sicilian_s,1,4/1/2015,15:46:38,"12,25",S
522,223,pep_msh_pep_s,1,4/1/2015,16:08:20,11,S
523,224,ckn_alfredo_s,1,4/1/2015,16:39:58,"12,75",S
524,224,ital_supr_m,1,4/1/2015,16:39:58,"16,5",M
525,224,napolitana_m,1,4/1/2015,16:39:58,16,M
526,224,thai_ckn_l,1,4/1/2015,16:39:58,"20,75",L
527,225,bbq_ckn_l,1,4/1/2015,16:41:48,"20,75",L
528,225,bbq_ckn_m,1,4/1/2015,16:41:48,"16,75",M
529,225,southw_ckn_s,1,4/1/2015,16:41:48,"12,75",S
530,226,classic_dlx_l,1,4/1/2015,16:59:39,"20,5",L
531,227,bbq_ckn_m,1,4/1/2015,17:24:39,"16,75",M
532,227,the_greek_m,1,4/1/2015,17:24:39,16,M
533,228,ital_veggie_s,1,4/1/2015,17:31:24,"12,75",S
534,229,ital_veggie_l,1,4/1/2015,17:37:57,21,L
535,229,prsc_argla_l,1,4/1/2015,17:37:57,"20,75",L
536,229,spin_pesto_s,1,4/1/2015,17:37:57,"12,5",S
537,230,thai_ckn_m,1,4/1/2015,17:58:38,"16,75",M
538,231,cali_ckn_l,1,4/1/2015,18:04:18,"20,75",L
539,231,napolitana_s,1,4/1/2015,18:04:18,12,S
540,231,prsc_argla_s,1,4/1/2015,18:04:18,"12,5",S
541,232,bbq_ckn_m,1,4/1/2015,18:21:59,"16,75",M
542,232,spinach_supr_l,1,4/1/2015,18:21:59,"20,75",L
543,233,spinach_fet_s,1,4/1/2015,18:26:51,12,S
544,234,ckn_alfredo_m,1,4/1/2015,18:36:09,"16,75",M
545,234,ital_supr_s,1,4/1/2015,18:36:09,"12,5",S
546,234,napolitana_m,1,4/1/2015,18:36:09,16,M
547,235,cali_ckn_m,1,4/1/2015,18:51:30,"16,75",M
548,236,classic_dlx_l,1,4/1/2015,19:21:04,"20,5",L
549,236,green_garden_m,1,4/1/2015,19:21:04,16,M
550,237,green_garden_s,1,4/1/2015,19:27:48,12,S
551,238,spin_pesto_l,1,4/1/2015,19:45:15,"20,75",L
552,239,ital_supr_l,1,4/1/2015,19:57:52,"20,75",L
553,239,thai_ckn_m,1,4/1/2015,19:57:52,"16,75",M
554,240,four_cheese_m,1,4/1/2015,20:10:24,"14,75",M
555,241,sicilian_m,1,4/1/2015,20:11:25,"16,25",M
556,241,spinach_supr_l,1,4/1/2015,20:11:25,"20,75",L
557,242,calabrese_m,1,4/1/2015,20:15:29,"16,25",M
558,242,thai_ckn_l,1,4/1/2015,20:15:29,"20,75",L
559,242,veggie_veg_m,1,4/1/2015,20:15:29,16,M
560,243,classic_dlx_l,1,4/1/2015,20:26:17,"20,5",L
561,243,spinach_supr_s,1,4/1/2015,20:26:17,"12,5",S
562,244,ital_supr_s,1,4/1/2015,20:26:22,"12,5",S
563,244,spicy_ital_l,1,4/1/2015,20:26:22,"20,75",L
564,245,bbq_ckn_l,1,4/1/2015,20:28:41,"20,75",L
565,245,ckn_pesto_l,1,4/1/2015,20:28:41,"20,75",L
566,246,ckn_alfredo_m,1,4/1/2015,20:30:48,"16,75",M
567,246,pepperoni_l,1,4/1/2015,20:30:48,"15,25",L
568,247,hawaiian_m,1,4/1/2015,20:55:29,"13,25",M
569,247,sicilian_m,1,4/1/2015,20:55:29,"16,25",M
570,247,spinach_supr_s,1,4/1/2015,20:55:29,"12,5",S
571,248,hawaiian_s,1,4/1/2015,20:58:19,"10,5",S
572,248,thai_ckn_l,1,4/1/2015,20:58:19,"20,75",L
573,249,bbq_ckn_l,1,4/1/2015,21:06:16,"20,75",L
574,249,calabrese_s,1,4/1/2015,21:06:16,"12,25",S
575,250,four_cheese_m,1,4/1/2015,21:07:05,"14,75",M
576,251,mexicana_m,1,4/1/2015,21:10:05,16,M
577,252,prsc_argla_m,1,4/1/2015,22:13:15,"16,5",M
578,253,brie_carre_s,1,4/1/2015,22:16:18,"23,65",S
579,254,bbq_ckn_l,1,4/1/2015,22:22:13,"20,75",L
580,254,brie_carre_s,1,4/1/2015,22:22:13,"23,65",S
581,254,five_cheese_l,1,4/1/2015,22:22:13,"18,5",L
582,255,five_cheese_l,1,5/1/2015,11:23:35,"18,5",L
583,255,green_garden_m,1,5/1/2015,11:23:35,16,M
584,255,hawaiian_l,1,5/1/2015,11:23:35,"16,5",L
585,255,spinach_fet_m,1,5/1/2015,11:23:35,16,M
586,256,pep_msh_pep_l,1,5/1/2015,11:56:06,"17,5",L
587,257,cali_ckn_l,1,5/1/2015,11:59:04,"20,75",L
588,257,ckn_alfredo_l,1,5/1/2015,11:59:04,"20,75",L
589,258,classic_dlx_m,1,5/1/2015,11:59:23,16,M
590,259,pepperoni_l,1,5/1/2015,12:04:25,"15,25",L
591,260,five_cheese_l,1,5/1/2015,12:06:27,"18,5",L
592,260,the_greek_l,1,5/1/2015,12:06:27,"20,5",L
593,261,brie_carre_s,1,5/1/2015,12:38:29,"23,65",S
594,262,cali_ckn_m,1,5/1/2015,12:42:01,"16,75",M
595,263,spin_pesto_l,1,5/1/2015,12:57:22,"20,75",L
596,264,mexicana_m,1,5/1/2015,13:03:59,16,M
597,265,ckn_alfredo_m,1,5/1/2015,13:04:42,"16,75",M
598,265,mexicana_l,1,5/1/2015,13:04:42,"20,25",L
599,265,sicilian_m,1,5/1/2015,13:04:42,"16,25",M
600,265,spicy_ital_l,1,5/1/2015,13:04:42,"20,75",L
601,266,peppr_salami_m,1,5/1/2015,13:09:29,"16,5",M
602,267,four_cheese_l,1,5/1/2015,13:37:50,"17,95",L
603,267,mediterraneo_l,1,5/1/2015,13:37:50,"20,25",L
604,267,napolitana_s,1,5/1/2015,13:37:50,12,S
605,268,ital_supr_l,1,5/1/2015,13:40:46,"20,75",L
606,268,pepperoni_s,1,5/1/2015,13:40:46,"9,75",S
607,269,ckn_alfredo_m,1,5/1/2015,13:49:34,"16,75",M
608,270,southw_ckn_l,1,5/1/2015,14:09:02,"20,75",L
609,270,spin_pesto_l,1,5/1/2015,14:09:02,"20,75",L
610,270,thai_ckn_l,1,5/1/2015,14:09:02,"20,75",L
611,271,big_meat_s,1,5/1/2015,14:22:19,12,S
612,271,cali_ckn_m,2,5/1/2015,14:22:19,"16,75",M
613,271,ckn_alfredo_m,2,5/1/2015,14:22:19,"16,75",M
614,271,ckn_pesto_l,2,5/1/2015,14:22:19,"20,75",L
615,271,classic_dlx_m,1,5/1/2015,14:22:19,16,M
616,271,ital_supr_m,1,5/1/2015,14:22:19,"16,5",M
617,271,sicilian_s,1,5/1/2015,14:22:19,"12,25",S
618,271,soppressata_m,1,5/1/2015,14:22:19,"16,5",M
619,271,southw_ckn_m,1,5/1/2015,14:22:19,"16,75",M
620,271,the_greek_s,1,5/1/2015,14:22:19,12,S
621,272,ital_supr_m,1,5/1/2015,14:24:05,"16,5",M
622,273,soppressata_s,1,5/1/2015,14:28:00,"12,5",S
623,274,four_cheese_l,1,5/1/2015,14:36:33,"17,95",L
624,274,thai_ckn_l,1,5/1/2015,14:36:33,"20,75",L
625,275,classic_dlx_l,1,5/1/2015,14:38:14,"20,5",L
626,275,five_cheese_l,1,5/1/2015,14:38:14,"18,5",L
627,275,pepperoni_s,1,5/1/2015,14:38:14,"9,75",S
628,275,sicilian_m,1,5/1/2015,14:38:14,"16,25",M
629,276,five_cheese_l,1,5/1/2015,15:18:18,"18,5",L
630,276,spicy_ital_l,1,5/1/2015,15:18:18,"20,75",L
631,277,four_cheese_m,1,5/1/2015,15:41:50,"14,75",M
632,278,ital_veggie_m,1,5/1/2015,15:49:21,"16,75",M
633,278,southw_ckn_l,1,5/1/2015,15:49:21,"20,75",L
634,279,cali_ckn_m,1,5/1/2015,16:07:03,"16,75",M
635,279,ckn_alfredo_m,1,5/1/2015,16:07:03,"16,75",M
636,280,prsc_argla_m,1,5/1/2015,16:20:23,"16,5",M
637,280,veggie_veg_m,1,5/1/2015,16:20:23,16,M
638,281,sicilian_s,1,5/1/2015,16:33:48,"12,25",S
639,282,classic_dlx_s,1,5/1/2015,16:49:38,12,S
640,282,five_cheese_l,1,5/1/2015,16:49:38,"18,5",L
641,282,peppr_salami_l,1,5/1/2015,16:49:38,"20,75",L
642,282,spin_pesto_l,1,5/1/2015,16:49:38,"20,75",L
643,283,napolitana_m,1,5/1/2015,16:51:43,16,M
644,284,four_cheese_m,1,5/1/2015,16:58:16,"14,75",M
645,284,hawaiian_s,1,5/1/2015,16:58:16,"10,5",S
646,284,napolitana_m,1,5/1/2015,16:58:16,16,M
647,285,prsc_argla_l,1,5/1/2015,16:58:38,"20,75",L
648,286,ital_supr_m,1,5/1/2015,17:01:23,"16,5",M
649,286,peppr_salami_l,1,5/1/2015,17:01:23,"20,75",L
650,287,ital_supr_m,1,5/1/2015,17:30:09,"16,5",M
651,287,pep_msh_pep_m,1,5/1/2015,17:30:09,"14,5",M
652,287,pepperoni_m,1,5/1/2015,17:30:09,"12,5",M
653,287,sicilian_s,1,5/1/2015,17:30:09,"12,25",S
654,288,brie_carre_s,1,5/1/2015,17:32:44,"23,65",S
655,288,prsc_argla_l,1,5/1/2015,17:32:44,"20,75",L
656,288,spinach_supr_l,1,5/1/2015,17:32:44,"20,75",L
657,289,five_cheese_l,1,5/1/2015,17:36:23,"18,5",L
658,290,classic_dlx_s,1,5/1/2015,17:41:16,12,S
659,290,veggie_veg_m,1,5/1/2015,17:41:16,16,M
660,291,bbq_ckn_l,1,5/1/2015,17:44:39,"20,75",L
661,291,ckn_alfredo_m,2,5/1/2015,17:44:39,"16,75",M
662,291,four_cheese_m,1,5/1/2015,17:44:39,"14,75",M
663,292,spin_pesto_m,1,5/1/2015,17:48:59,"16,5",M
664,292,spinach_fet_l,1,5/1/2015,17:48:59,"20,25",L
665,293,classic_dlx_s,1,5/1/2015,17:58:38,12,S
666,293,ital_veggie_s,1,5/1/2015,17:58:38,"12,75",S
667,294,bbq_ckn_m,1,5/1/2015,18:16:35,"16,75",M
668,294,ital_supr_l,1,5/1/2015,18:16:35,"20,75",L
669,294,thai_ckn_l,1,5/1/2015,18:16:35,"20,75",L
670,295,cali_ckn_m,1,5/1/2015,18:20:12,"16,75",M
671,296,green_garden_s,1,5/1/2015,18:46:54,12,S
672,296,ital_cpcllo_s,1,5/1/2015,18:46:54,12,S
673,296,thai_ckn_m,1,5/1/2015,18:46:54,"16,75",M
674,297,southw_ckn_m,1,5/1/2015,19:02:18,"16,75",M
675,298,cali_ckn_m,1,5/1/2015,19:10:36,"16,75",M
676,298,cali_ckn_s,1,5/1/2015,19:10:36,"12,75",S
677,298,ckn_alfredo_m,1,5/1/2015,19:10:36,"16,75",M
678,298,classic_dlx_s,1,5/1/2015,19:10:36,12,S
679,299,classic_dlx_s,1,5/1/2015,19:34:31,12,S
680,299,spinach_fet_m,1,5/1/2015,19:34:31,16,M
681,300,big_meat_s,1,5/1/2015,19:42:54,12,S
682,300,ital_cpcllo_s,1,5/1/2015,19:42:54,12,S
683,300,ital_veggie_s,1,5/1/2015,19:42:54,"12,75",S
684,300,spinach_supr_s,1,5/1/2015,19:42:54,"12,5",S
685,301,napolitana_l,1,5/1/2015,19:45:58,"20,5",L
686,302,peppr_salami_l,1,5/1/2015,19:57:37,"20,75",L
687,303,big_meat_s,1,5/1/2015,20:02:51,12,S
688,303,ital_cpcllo_m,1,5/1/2015,20:02:51,16,M
689,303,pepperoni_s,1,5/1/2015,20:02:51,"9,75",S
690,304,hawaiian_s,1,5/1/2015,20:07:58,"10,5",S
691,304,mexicana_l,1,5/1/2015,20:07:58,"20,25",L
692,305,pepperoni_l,1,5/1/2015,20:35:40,"15,25",L
693,305,sicilian_s,1,5/1/2015,20:35:40,"12,25",S
694,305,spicy_ital_m,1,5/1/2015,20:35:40,"16,5",M
695,306,big_meat_s,1,5/1/2015,20:37:40,12,S
696,306,hawaiian_s,1,5/1/2015,20:37:40,"10,5",S
697,306,napolitana_m,1,5/1/2015,20:37:40,16,M
698,307,classic_dlx_l,1,5/1/2015,21:45:38,"20,5",L
699,307,thai_ckn_m,1,5/1/2015,21:45:38,"16,75",M
700,308,hawaiian_l,1,5/1/2015,21:59:46,"16,5",L
701,308,pep_msh_pep_l,1,5/1/2015,21:59:46,"17,5",L
702,308,thai_ckn_s,1,5/1/2015,21:59:46,"12,75",S
703,309,five_cheese_l,1,6/1/2015,11:39:06,"18,5",L
704,309,peppr_salami_m,1,6/1/2015,11:39:06,"16,5",M
705,310,hawaiian_s,1,6/1/2015,11:40:48,"10,5",S
706,310,thai_ckn_s,1,6/1/2015,11:40:48,"12,75",S
707,311,sicilian_l,1,6/1/2015,11:57:27,"20,25",L
708,312,big_meat_s,1,6/1/2015,12:05:21,12,S
709,312,brie_carre_s,1,6/1/2015,12:05:21,"23,65",S
710,312,ckn_alfredo_m,1,6/1/2015,12:05:21,"16,75",M
711,312,sicilian_m,1,6/1/2015,12:05:21,"16,25",M
712,313,classic_dlx_m,1,6/1/2015,12:09:09,16,M
713,314,calabrese_m,1,6/1/2015,12:11:58,"16,25",M
714,314,five_cheese_l,1,6/1/2015,12:11:58,"18,5",L
715,314,green_garden_m,1,6/1/2015,12:11:58,16,M
716,314,hawaiian_m,1,6/1/2015,12:11:58,"13,25",M
717,314,veggie_veg_m,1,6/1/2015,12:11:58,16,M
718,315,classic_dlx_m,1,6/1/2015,12:17:40,16,M
719,316,hawaiian_s,1,6/1/2015,12:29:34,"10,5",S
720,316,ital_supr_m,1,6/1/2015,12:29:34,"16,5",M
721,317,cali_ckn_s,1,6/1/2015,12:31:00,"12,75",S
722,317,classic_dlx_m,1,6/1/2015,12:31:00,16,M
723,317,four_cheese_l,1,6/1/2015,12:31:00,"17,95",L
724,317,hawaiian_s,1,6/1/2015,12:31:00,"10,5",S
725,317,pep_msh_pep_l,1,6/1/2015,12:31:00,"17,5",L
726,317,prsc_argla_s,1,6/1/2015,12:31:00,"12,5",S
727,317,spinach_fet_s,1,6/1/2015,12:31:00,12,S
728,318,ital_cpcllo_l,1,6/1/2015,12:45:14,"20,5",L
729,318,mexicana_l,1,6/1/2015,12:45:14,"20,25",L
730,318,soppressata_s,1,6/1/2015,12:45:14,"12,5",S
731,318,spicy_ital_l,1,6/1/2015,12:45:14,"20,75",L
732,319,ital_supr_m,1,6/1/2015,12:46:22,"16,5",M
733,320,cali_ckn_m,1,6/1/2015,12:46:40,"16,75",M
734,320,ckn_pesto_l,1,6/1/2015,12:46:40,"20,75",L
735,321,ital_supr_l,1,6/1/2015,12:56:21,"20,75",L
736,322,cali_ckn_l,1,6/1/2015,13:02:13,"20,75",L
737,322,ckn_pesto_l,1,6/1/2015,13:02:13,"20,75",L
738,322,classic_dlx_s,1,6/1/2015,13:02:13,12,S
739,322,thai_ckn_l,1,6/1/2015,13:02:13,"20,75",L
740,323,classic_dlx_m,1,6/1/2015,13:05:33,16,M
741,324,five_cheese_l,1,6/1/2015,13:06:44,"18,5",L
742,325,classic_dlx_s,1,6/1/2015,13:07:32,12,S
743,325,veggie_veg_s,1,6/1/2015,13:07:32,12,S
744,326,cali_ckn_m,1,6/1/2015,13:10:13,"16,75",M
745,326,spinach_supr_l,1,6/1/2015,13:10:13,"20,75",L
746,327,classic_dlx_m,1,6/1/2015,13:10:54,16,M
747,328,mediterraneo_l,1,6/1/2015,13:16:35,"20,25",L
748,329,spicy_ital_l,1,6/1/2015,13:22:44,"20,75",L
749,329,spinach_supr_m,1,6/1/2015,13:22:44,"16,5",M
750,330,big_meat_s,1,6/1/2015,13:27:11,12,S
751,330,ckn_alfredo_m,1,6/1/2015,13:27:11,"16,75",M
752,330,classic_dlx_m,1,6/1/2015,13:27:11,16,M
753,330,classic_dlx_s,1,6/1/2015,13:27:11,12,S
754,330,five_cheese_l,1,6/1/2015,13:27:11,"18,5",L
755,330,four_cheese_l,2,6/1/2015,13:27:11,"17,95",L
756,330,hawaiian_l,1,6/1/2015,13:27:11,"16,5",L
757,330,pep_msh_pep_l,1,6/1/2015,13:27:11,"17,5",L
758,330,peppr_salami_s,1,6/1/2015,13:27:11,"12,5",S
759,330,sicilian_l,1,6/1/2015,13:27:11,"20,25",L
760,330,spicy_ital_l,1,6/1/2015,13:27:11,"20,75",L
761,330,spicy_ital_m,1,6/1/2015,13:27:11,"16,5",M
762,330,spinach_fet_l,1,6/1/2015,13:27:11,"20,25",L
763,330,the_greek_m,1,6/1/2015,13:27:11,16,M
764,331,prsc_argla_m,1,6/1/2015,13:43:30,"16,5",M
765,332,sicilian_m,1,6/1/2015,14:12:01,"16,25",M
766,332,southw_ckn_l,1,6/1/2015,14:12:01,"20,75",L
767,332,thai_ckn_m,1,6/1/2015,14:12:01,"16,75",M
768,333,ckn_alfredo_m,1,6/1/2015,14:16:36,"16,75",M
769,334,calabrese_l,1,6/1/2015,14:24:18,"20,25",L
770,334,pepperoni_m,1,6/1/2015,14:24:18,"12,5",M
771,334,southw_ckn_m,1,6/1/2015,14:24:18,"16,75",M
772,334,thai_ckn_l,1,6/1/2015,14:24:18,"20,75",L
773,335,mediterraneo_l,1,6/1/2015,14:24:47,"20,25",L
774,336,prsc_argla_l,1,6/1/2015,14:51:41,"20,75",L
775,337,hawaiian_l,1,6/1/2015,15:03:12,"16,5",L
776,337,pepperoni_l,1,6/1/2015,15:03:12,"15,25",L
777,338,mexicana_l,1,6/1/2015,15:18:26,"20,25",L
778,338,thai_ckn_l,1,6/1/2015,15:18:26,"20,75",L
779,338,the_greek_xl,1,6/1/2015,15:18:26,"25,5",XL
780,339,spicy_ital_m,1,6/1/2015,15:25:13,"16,5",M
781,340,peppr_salami_s,1,6/1/2015,15:35:32,"12,5",S
782,341,bbq_ckn_m,1,6/1/2015,15:35:47,"16,75",M
783,341,pepperoni_s,1,6/1/2015,15:35:47,"9,75",S
784,342,sicilian_l,1,6/1/2015,15:44:12,"20,25",L
785,342,southw_ckn_l,1,6/1/2015,15:44:12,"20,75",L
786,343,five_cheese_l,1,6/1/2015,15:45:37,"18,5",L
787,343,four_cheese_m,1,6/1/2015,15:45:37,"14,75",M
788,344,ital_cpcllo_m,1,6/1/2015,16:01:11,16,M
789,345,peppr_salami_s,1,6/1/2015,16:01:47,"12,5",S
790,345,spinach_fet_s,1,6/1/2015,16:01:47,12,S
791,346,green_garden_s,1,6/1/2015,16:30:00,12,S
792,346,hawaiian_s,1,6/1/2015,16:30:00,"10,5",S
793,346,ital_cpcllo_l,1,6/1/2015,16:30:00,"20,5",L
794,346,napolitana_s,1,6/1/2015,16:30:00,12,S
795,347,spinach_fet_l,1,6/1/2015,16:37:17,"20,25",L
796,347,thai_ckn_l,1,6/1/2015,16:37:17,"20,75",L
797,347,veggie_veg_m,1,6/1/2015,16:37:17,16,M
798,348,classic_dlx_m,1,6/1/2015,16:49:12,16,M
799,348,thai_ckn_l,1,6/1/2015,16:49:12,"20,75",L
800,348,thai_ckn_s,1,6/1/2015,16:49:12,"12,75",S
801,349,pepperoni_l,1,6/1/2015,17:25:58,"15,25",L
802,350,classic_dlx_l,1,6/1/2015,17:37:05,"20,5",L
803,350,pepperoni_m,2,6/1/2015,17:37:05,"12,5",M
804,350,spicy_ital_s,1,6/1/2015,17:37:05,"12,5",S
805,351,big_meat_s,1,6/1/2015,17:37:29,12,S
806,351,hawaiian_m,1,6/1/2015,17:37:29,"13,25",M
807,352,big_meat_s,1,6/1/2015,17:45:48,12,S
808,352,ital_cpcllo_l,1,6/1/2015,17:45:48,"20,5",L
809,353,bbq_ckn_l,1,6/1/2015,17:59:48,"20,75",L
810,353,cali_ckn_l,1,6/1/2015,17:59:48,"20,75",L
811,353,prsc_argla_s,1,6/1/2015,17:59:48,"12,5",S
812,354,green_garden_s,1,6/1/2015,18:01:44,12,S
813,354,veggie_veg_l,1,6/1/2015,18:01:44,"20,25",L
814,355,ckn_alfredo_m,1,6/1/2015,18:14:45,"16,75",M
815,355,ital_supr_m,1,6/1/2015,18:14:45,"16,5",M
816,356,ckn_alfredo_m,1,6/1/2015,18:16:05,"16,75",M
817,357,cali_ckn_l,1,6/1/2015,18:27:58,"20,75",L
818,357,southw_ckn_s,1,6/1/2015,18:27:58,"12,75",S
819,357,spinach_fet_s,1,6/1/2015,18:27:58,12,S
820,358,ital_supr_m,1,6/1/2015,18:30:12,"16,5",M
821,359,green_garden_m,1,6/1/2015,18:33:08,16,M
822,359,thai_ckn_l,1,6/1/2015,18:33:08,"20,75",L
823,360,bbq_ckn_l,1,6/1/2015,18:50:38,"20,75",L
824,360,green_garden_s,1,6/1/2015,18:50:38,12,S
825,360,hawaiian_s,1,6/1/2015,18:50:38,"10,5",S
826,361,big_meat_s,2,6/1/2015,19:12:38,12,S
827,361,ital_cpcllo_s,1,6/1/2015,19:12:38,12,S
828,362,bbq_ckn_m,1,6/1/2015,19:13:36,"16,75",M
829,362,mexicana_l,1,6/1/2015,19:13:36,"20,25",L
830,363,mediterraneo_l,1,6/1/2015,19:20:31,"20,25",L
831,363,mexicana_l,1,6/1/2015,19:20:31,"20,25",L
832,364,ital_supr_m,1,6/1/2015,19:27:24,"16,5",M
833,364,the_greek_xl,1,6/1/2015,19:27:24,"25,5",XL
834,365,four_cheese_m,1,6/1/2015,19:37:26,"14,75",M
835,365,mediterraneo_l,1,6/1/2015,19:37:26,"20,25",L
836,365,pepperoni_m,1,6/1/2015,19:37:26,"12,5",M
837,366,ital_cpcllo_l,1,6/1/2015,20:04:20,"20,5",L
838,367,hawaiian_l,1,6/1/2015,20:05:12,"16,5",L
839,367,spinach_fet_m,1,6/1/2015,20:05:12,16,M
840,368,spin_pesto_m,1,6/1/2015,20:28:16,"16,5",M
841,368,thai_ckn_l,1,6/1/2015,20:28:16,"20,75",L
842,369,spinach_fet_m,1,6/1/2015,20:30:06,16,M
843,370,four_cheese_l,1,6/1/2015,21:02:30,"17,95",L
844,370,hawaiian_s,1,6/1/2015,21:02:30,"10,5",S
845,371,pepperoni_m,1,6/1/2015,21:15:20,"12,5",M
846,372,spinach_fet_s,1,6/1/2015,22:26:59,12,S
847,373,ckn_pesto_s,1,7/1/2015,11:45:18,"12,75",S
848,373,classic_dlx_m,1,7/1/2015,11:45:18,16,M
849,373,sicilian_l,1,7/1/2015,11:45:18,"20,25",L
850,374,big_meat_s,1,7/1/2015,11:55:59,12,S
851,374,ckn_alfredo_m,1,7/1/2015,11:55:59,"16,75",M
852,374,peppr_salami_s,1,7/1/2015,11:55:59,"12,5",S
853,375,mexicana_m,1,7/1/2015,11:58:36,16,M
854,376,the_greek_xl,1,7/1/2015,12:01:17,"25,5",XL
855,376,veggie_veg_l,1,7/1/2015,12:01:17,"20,25",L
856,377,hawaiian_m,1,7/1/2015,12:03:18,"13,25",M
857,377,thai_ckn_l,1,7/1/2015,12:03:18,"20,75",L
858,378,ital_veggie_s,1,7/1/2015,12:19:37,"12,75",S
859,379,thai_ckn_l,1,7/1/2015,12:25:37,"20,75",L
860,380,calabrese_m,1,7/1/2015,12:32:10,"16,25",M
861,380,cali_ckn_m,1,7/1/2015,12:32:10,"16,75",M
862,381,southw_ckn_m,1,7/1/2015,12:33:06,"16,75",M
863,382,thai_ckn_s,1,7/1/2015,12:33:07,"12,75",S
864,382,veggie_veg_m,1,7/1/2015,12:33:07,16,M
865,383,spicy_ital_m,1,7/1/2015,12:43:59,"16,5",M
866,384,hawaiian_s,1,7/1/2015,12:51:46,"10,5",S
867,384,ital_cpcllo_m,1,7/1/2015,12:51:46,16,M
868,384,mediterraneo_m,1,7/1/2015,12:51:46,16,M
869,384,the_greek_s,1,7/1/2015,12:51:46,12,S
870,385,veggie_veg_l,1,7/1/2015,12:54:19,"20,25",L
871,386,ital_veggie_s,1,7/1/2015,12:58:16,"12,75",S
872,386,soppressata_m,1,7/1/2015,12:58:16,"16,5",M
873,386,thai_ckn_m,1,7/1/2015,12:58:16,"16,75",M
874,387,bbq_ckn_s,1,7/1/2015,13:03:14,"12,75",S
875,387,big_meat_s,1,7/1/2015,13:03:14,12,S
876,387,ckn_pesto_m,1,7/1/2015,13:03:14,"16,75",M
877,387,five_cheese_l,1,7/1/2015,13:03:14,"18,5",L
878,387,pepperoni_s,1,7/1/2015,13:03:14,"9,75",S
879,387,spicy_ital_l,1,7/1/2015,13:03:14,"20,75",L
880,387,spinach_fet_s,1,7/1/2015,13:03:14,12,S
881,388,bbq_ckn_s,1,7/1/2015,13:04:56,"12,75",S
882,388,ckn_alfredo_m,1,7/1/2015,13:04:56,"16,75",M
883,388,mediterraneo_m,1,7/1/2015,13:04:56,16,M
884,388,veggie_veg_s,1,7/1/2015,13:04:56,12,S
885,389,spin_pesto_l,1,7/1/2015,13:10:17,"20,75",L
886,390,pep_msh_pep_l,1,7/1/2015,13:15:32,"17,5",L
887,391,the_greek_m,1,7/1/2015,13:25:31,16,M
888,392,big_meat_s,1,7/1/2015,13:36:47,12,S
889,392,calabrese_s,1,7/1/2015,13:36:47,"12,25",S
890,392,cali_ckn_l,1,7/1/2015,13:36:47,"20,75",L
891,392,pepperoni_s,2,7/1/2015,13:36:47,"9,75",S
892,392,prsc_argla_l,1,7/1/2015,13:36:47,"20,75",L
893,392,sicilian_l,1,7/1/2015,13:36:47,"20,25",L
894,392,soppressata_l,1,7/1/2015,13:36:47,"20,75",L
895,392,spicy_ital_l,1,7/1/2015,13:36:47,"20,75",L
896,393,green_garden_s,1,7/1/2015,13:48:31,12,S
897,393,hawaiian_l,1,7/1/2015,13:48:31,"16,5",L
898,394,big_meat_s,1,7/1/2015,14:02:18,12,S
899,394,ckn_pesto_s,1,7/1/2015,14:02:18,"12,75",S
900,394,hawaiian_l,1,7/1/2015,14:02:18,"16,5",L
901,394,hawaiian_s,1,7/1/2015,14:02:18,"10,5",S
902,394,pep_msh_pep_l,1,7/1/2015,14:02:18,"17,5",L
903,394,pepperoni_m,3,7/1/2015,14:02:18,"12,5",M
904,394,pepperoni_s,1,7/1/2015,14:02:18,"9,75",S
905,394,sicilian_l,1,7/1/2015,14:02:18,"20,25",L
906,394,spicy_ital_l,1,7/1/2015,14:02:18,"20,75",L
907,394,spin_pesto_s,1,7/1/2015,14:02:18,"12,5",S
908,394,thai_ckn_l,1,7/1/2015,14:02:18,"20,75",L
909,394,veggie_veg_s,1,7/1/2015,14:02:18,12,S
910,395,napolitana_m,1,7/1/2015,14:11:08,16,M
911,396,spinach_fet_s,1,7/1/2015,14:12:21,12,S
912,397,five_cheese_l,2,7/1/2015,14:31:10,"18,5",L
913,397,hawaiian_l,1,7/1/2015,14:31:10,"16,5",L
914,397,pepperoni_m,1,7/1/2015,14:31:10,"12,5",M
915,398,pepperoni_s,1,7/1/2015,14:56:26,"9,75",S
916,399,bbq_ckn_m,1,7/1/2015,15:47:49,"16,75",M
917,399,cali_ckn_l,1,7/1/2015,15:47:49,"20,75",L
918,399,four_cheese_m,1,7/1/2015,15:47:49,"14,75",M
919,399,the_greek_m,1,7/1/2015,15:47:49,16,M
920,400,pepperoni_m,1,7/1/2015,16:03:07,"12,5",M
921,400,thai_ckn_l,1,7/1/2015,16:03:07,"20,75",L
922,401,veggie_veg_m,1,7/1/2015,16:08:35,16,M
923,402,four_cheese_l,1,7/1/2015,16:24:46,"17,95",L
924,402,ital_supr_m,1,7/1/2015,16:24:46,"16,5",M
925,403,bbq_ckn_s,1,7/1/2015,16:26:10,"12,75",S
926,403,classic_dlx_l,1,7/1/2015,16:26:10,"20,5",L
927,403,prsc_argla_s,1,7/1/2015,16:26:10,"12,5",S
928,404,ckn_pesto_l,1,7/1/2015,16:39:27,"20,75",L
929,405,sicilian_l,1,7/1/2015,16:44:16,"20,25",L
930,406,ckn_alfredo_m,1,7/1/2015,16:50:49,"16,75",M
931,406,classic_dlx_m,1,7/1/2015,16:50:49,16,M
932,406,ital_veggie_s,1,7/1/2015,16:50:49,"12,75",S
933,407,cali_ckn_m,1,7/1/2015,16:56:42,"16,75",M
934,407,classic_dlx_l,1,7/1/2015,16:56:42,"20,5",L
935,407,pepperoni_m,1,7/1/2015,16:56:42,"12,5",M
936,408,brie_carre_s,1,7/1/2015,17:09:09,"23,65",S
937,408,peppr_salami_m,1,7/1/2015,17:09:09,"16,5",M
938,409,pepperoni_l,1,7/1/2015,17:15:04,"15,25",L
939,410,big_meat_s,2,7/1/2015,17:33:49,12,S
940,410,mediterraneo_m,1,7/1/2015,17:33:49,16,M
941,410,the_greek_xl,1,7/1/2015,17:33:49,"25,5",XL
942,411,ital_supr_m,1,7/1/2015,17:58:09,"16,5",M
943,411,southw_ckn_l,1,7/1/2015,17:58:09,"20,75",L
944,412,brie_carre_s,1,7/1/2015,18:07:46,"23,65",S
945,412,spinach_supr_m,1,7/1/2015,18:07:46,"16,5",M
946,413,the_greek_s,1,7/1/2015,18:11:32,12,S
947,414,classic_dlx_s,1,7/1/2015,18:13:22,12,S
948,414,five_cheese_l,1,7/1/2015,18:13:22,"18,5",L
949,414,ital_supr_m,1,7/1/2015,18:13:22,"16,5",M
950,415,cali_ckn_s,1,7/1/2015,18:16:23,"12,75",S
951,416,spinach_fet_l,1,7/1/2015,18:17:42,"20,25",L
952,417,pepperoni_s,1,7/1/2015,18:24:40,"9,75",S
953,418,ckn_pesto_m,1,7/1/2015,18:40:11,"16,75",M
954,418,sicilian_m,1,7/1/2015,18:40:11,"16,25",M
955,419,bbq_ckn_l,1,7/1/2015,19:02:31,"20,75",L
956,419,hawaiian_l,1,7/1/2015,19:02:31,"16,5",L
957,419,ital_veggie_m,1,7/1/2015,19:02:31,"16,75",M
958,419,veggie_veg_s,1,7/1/2015,19:02:31,12,S
959,420,five_cheese_l,1,7/1/2015,19:04:40,"18,5",L
960,420,pep_msh_pep_s,1,7/1/2015,19:04:40,11,S
961,421,bbq_ckn_l,1,7/1/2015,19:21:58,"20,75",L
962,421,calabrese_l,1,7/1/2015,19:21:58,"20,25",L
963,421,ckn_pesto_s,1,7/1/2015,19:21:58,"12,75",S
964,422,four_cheese_l,1,7/1/2015,19:30:25,"17,95",L
965,422,ital_supr_m,1,7/1/2015,19:30:25,"16,5",M
966,422,spinach_fet_m,1,7/1/2015,19:30:25,16,M
967,423,ital_supr_l,1,7/1/2015,19:45:07,"20,75",L
968,423,sicilian_s,1,7/1/2015,19:45:07,"12,25",S
969,424,pepperoni_m,1,7/1/2015,20:01:28,"12,5",M
970,425,soppressata_m,1,7/1/2015,20:21:19,"16,5",M
971,426,classic_dlx_m,1,7/1/2015,20:25:45,16,M
972,426,sicilian_s,1,7/1/2015,20:25:45,"12,25",S
973,426,soppressata_m,1,7/1/2015,20:25:45,"16,5",M
974,427,spinach_fet_l,1,7/1/2015,21:49:00,"20,25",L
975,428,calabrese_l,1,7/1/2015,22:05:00,"20,25",L
976,428,ital_cpcllo_s,1,7/1/2015,22:05:00,12,S
977,429,spicy_ital_m,1,7/1/2015,22:16:53,"16,5",M
978,430,green_garden_m,1,7/1/2015,22:46:13,16,M
979,430,sicilian_s,1,7/1/2015,22:46:13,"12,25",S
980,431,big_meat_s,1,8/1/2015,11:17:13,12,S
981,431,ckn_alfredo_s,1,8/1/2015,11:17:13,"12,75",S
982,431,four_cheese_l,1,8/1/2015,11:17:13,"17,95",L
983,431,hawaiian_l,1,8/1/2015,11:17:13,"16,5",L
984,432,ital_cpcllo_s,1,8/1/2015,11:39:07,12,S
985,432,thai_ckn_l,1,8/1/2015,11:39:07,"20,75",L
986,432,veggie_veg_s,1,8/1/2015,11:39:07,12,S
987,433,spicy_ital_l,1,8/1/2015,11:49:50,"20,75",L
988,434,napolitana_m,1,8/1/2015,11:54:14,16,M
989,434,spicy_ital_l,1,8/1/2015,11:54:14,"20,75",L
990,434,veggie_veg_l,1,8/1/2015,11:54:14,"20,25",L
991,435,classic_dlx_m,1,8/1/2015,12:06:09,16,M
992,435,pep_msh_pep_m,1,8/1/2015,12:06:09,"14,5",M
993,435,spinach_supr_s,1,8/1/2015,12:06:09,"12,5",S
994,436,classic_dlx_l,1,8/1/2015,12:07:21,"20,5",L
995,436,ital_supr_m,1,8/1/2015,12:07:21,"16,5",M
996,436,pep_msh_pep_s,1,8/1/2015,12:07:21,11,S
997,436,peppr_salami_s,1,8/1/2015,12:07:21,"12,5",S
998,437,bbq_ckn_m,1,8/1/2015,12:07:54,"16,75",M
999,438,veggie_veg_m,1,8/1/2015,12:08:38,16,M
1000,439,ckn_alfredo_m,1,8/1/2015,12:13:08,"16,75",M
1001,439,pepperoni_m,1,8/1/2015,12:13:08,"12,5",M
1002,439,the_greek_s,1,8/1/2015,12:13:08,12,S
1003,440,calabrese_m,1,8/1/2015,12:16:34,"16,25",M
1004,440,ckn_alfredo_m,1,8/1/2015,12:16:34,"16,75",M
1005,440,five_cheese_l,1,8/1/2015,12:16:34,"18,5",L
1006,440,four_cheese_l,1,8/1/2015,12:16:34,"17,95",L
1007,440,four_cheese_m,1,8/1/2015,12:16:34,"14,75",M
1008,440,green_garden_l,1,8/1/2015,12:16:34,"20,25",L
1009,440,green_garden_m,1,8/1/2015,12:16:34,16,M
1010,440,hawaiian_l,1,8/1/2015,12:16:34,"16,5",L
1011,440,ital_veggie_l,1,8/1/2015,12:16:34,21,L
1012,440,pepperoni_l,1,8/1/2015,12:16:34,"15,25",L
1013,440,spicy_ital_l,1,8/1/2015,12:16:34,"20,75",L
1014,440,spinach_fet_s,1,8/1/2015,12:16:34,12,S
1015,440,thai_ckn_l,1,8/1/2015,12:16:34,"20,75",L
1016,440,veggie_veg_m,1,8/1/2015,12:16:34,16,M
1017,441,spicy_ital_l,1,8/1/2015,12:16:58,"20,75",L
1018,441,thai_ckn_l,1,8/1/2015,12:16:58,"20,75",L
1019,442,peppr_salami_l,1,8/1/2015,12:28:49,"20,75",L
1020,443,big_meat_s,1,8/1/2015,12:34:20,12,S
1021,443,cali_ckn_m,2,8/1/2015,12:34:20,"16,75",M
1022,443,four_cheese_l,1,8/1/2015,12:34:20,"17,95",L
1023,443,ital_cpcllo_m,1,8/1/2015,12:34:20,16,M
1024,443,ital_veggie_m,1,8/1/2015,12:34:20,"16,75",M
1025,443,mexicana_l,1,8/1/2015,12:34:20,"20,25",L
1026,443,pepperoni_l,1,8/1/2015,12:34:20,"15,25",L
1027,443,sicilian_l,1,8/1/2015,12:34:20,"20,25",L
1028,443,sicilian_m,1,8/1/2015,12:34:20,"16,25",M
1029,443,southw_ckn_m,1,8/1/2015,12:34:20,"16,75",M
1030,443,spicy_ital_l,1,8/1/2015,12:34:20,"20,75",L
1031,443,spicy_ital_s,1,8/1/2015,12:34:20,"12,5",S
1032,443,spinach_supr_m,1,8/1/2015,12:34:20,"16,5",M
1033,443,thai_ckn_m,1,8/1/2015,12:34:20,"16,75",M
1034,444,four_cheese_m,1,8/1/2015,12:40:05,"14,75",M
1035,445,hawaiian_l,1,8/1/2015,12:57:39,"16,5",L
1036,446,big_meat_s,1,8/1/2015,12:58:01,12,S
1037,446,ital_veggie_m,1,8/1/2015,12:58:01,"16,75",M
1038,446,sicilian_l,1,8/1/2015,12:58:01,"20,25",L
1039,447,five_cheese_l,1,8/1/2015,13:02:00,"18,5",L
1040,448,hawaiian_s,1,8/1/2015,13:03:34,"10,5",S
1041,448,pep_msh_pep_m,1,8/1/2015,13:03:34,"14,5",M
1042,448,sicilian_m,1,8/1/2015,13:03:34,"16,25",M
1043,449,thai_ckn_l,1,8/1/2015,13:04:15,"20,75",L
1044,450,big_meat_s,1,8/1/2015,13:07:53,12,S
1045,451,five_cheese_l,1,8/1/2015,13:19:06,"18,5",L
1046,451,ital_cpcllo_m,1,8/1/2015,13:19:06,16,M
1047,451,southw_ckn_l,1,8/1/2015,13:19:06,"20,75",L
1048,452,bbq_ckn_m,1,8/1/2015,13:24:11,"16,75",M
1049,452,big_meat_s,1,8/1/2015,13:24:11,12,S
1050,452,sicilian_m,1,8/1/2015,13:24:11,"16,25",M
1051,453,cali_ckn_s,1,8/1/2015,13:27:14,"12,75",S
1052,453,four_cheese_l,1,8/1/2015,13:27:14,"17,95",L
1053,453,sicilian_m,1,8/1/2015,13:27:14,"16,25",M
1054,453,thai_ckn_l,1,8/1/2015,13:27:14,"20,75",L
1055,454,spicy_ital_m,1,8/1/2015,13:31:40,"16,5",M
1056,455,ital_supr_l,1,8/1/2015,13:39:14,"20,75",L
1057,456,spinach_fet_l,1,8/1/2015,13:47:53,"20,25",L
1058,457,cali_ckn_l,1,8/1/2015,13:59:04,"20,75",L
1059,457,ckn_alfredo_m,1,8/1/2015,13:59:04,"16,75",M
1060,457,classic_dlx_m,1,8/1/2015,13:59:04,16,M
1061,458,prsc_argla_m,1,8/1/2015,14:00:05,"16,5",M
1062,458,spinach_supr_m,1,8/1/2015,14:00:05,"16,5",M
1063,458,the_greek_s,1,8/1/2015,14:00:05,12,S
1064,459,spicy_ital_l,1,8/1/2015,14:14:02,"20,75",L
1065,460,green_garden_s,1,8/1/2015,14:19:58,12,S
1066,460,ital_supr_m,1,8/1/2015,14:19:58,"16,5",M
1067,461,cali_ckn_m,1,8/1/2015,14:21:19,"16,75",M
1068,461,hawaiian_s,1,8/1/2015,14:21:19,"10,5",S
1069,462,spinach_fet_s,1,8/1/2015,14:38:41,12,S
1070,463,bbq_ckn_l,1,8/1/2015,14:40:28,"20,75",L
1071,463,prsc_argla_m,1,8/1/2015,14:40:28,"16,5",M
1072,464,bbq_ckn_l,1,8/1/2015,14:49:01,"20,75",L
1073,464,calabrese_m,1,8/1/2015,14:49:01,"16,25",M
1074,465,napolitana_s,1,8/1/2015,14:55:23,12,S
1075,466,spinach_fet_l,1,8/1/2015,15:30:10,"20,25",L
1076,466,the_greek_xl,1,8/1/2015,15:30:10,"25,5",XL
1077,467,prsc_argla_s,1,8/1/2015,15:33:13,"12,5",S
1078,468,four_cheese_l,1,8/1/2015,15:36:12,"17,95",L
1079,468,pepperoni_l,1,8/1/2015,15:36:12,"15,25",L
1080,469,bbq_ckn_m,1,8/1/2015,15:37:18,"16,75",M
1081,469,sicilian_s,1,8/1/2015,15:37:18,"12,25",S
1082,470,veggie_veg_s,1,8/1/2015,15:49:13,12,S
1083,471,ital_veggie_s,1,8/1/2015,16:20:26,"12,75",S
1084,472,ital_veggie_l,1,8/1/2015,16:29:50,21,L
1085,472,ital_veggie_m,1,8/1/2015,16:29:50,"16,75",M
1086,473,hawaiian_l,1,8/1/2015,16:41:27,"16,5",L
1087,473,prsc_argla_m,1,8/1/2015,16:41:27,"16,5",M
1088,473,southw_ckn_m,1,8/1/2015,16:41:27,"16,75",M
1089,474,green_garden_s,1,8/1/2015,16:47:48,12,S
1090,474,pepperoni_s,1,8/1/2015,16:47:48,"9,75",S
1091,475,big_meat_s,1,8/1/2015,17:15:17,12,S
1092,475,thai_ckn_l,1,8/1/2015,17:15:17,"20,75",L
1093,476,pepperoni_m,1,8/1/2015,17:27:56,"12,5",M
1094,476,prsc_argla_l,1,8/1/2015,17:27:56,"20,75",L
1095,476,veggie_veg_m,1,8/1/2015,17:27:56,16,M
1096,477,green_garden_m,1,8/1/2015,17:30:04,16,M
1097,477,mexicana_m,1,8/1/2015,17:30:04,16,M
1098,478,calabrese_m,1,8/1/2015,17:35:56,"16,25",M
1099,478,ckn_alfredo_m,1,8/1/2015,17:35:56,"16,75",M
1100,479,five_cheese_l,1,8/1/2015,17:37:03,"18,5",L
1101,479,ital_cpcllo_l,2,8/1/2015,17:37:03,"20,5",L
1102,480,pepperoni_m,1,8/1/2015,17:41:31,"12,5",M
1103,481,pepperoni_s,1,8/1/2015,17:41:37,"9,75",S
1104,481,spinach_fet_s,1,8/1/2015,17:41:37,12,S
1105,482,green_garden_l,1,8/1/2015,17:52:42,"20,25",L
1106,482,ital_supr_m,1,8/1/2015,17:52:42,"16,5",M
1107,482,spicy_ital_s,1,8/1/2015,17:52:42,"12,5",S
1108,483,bbq_ckn_l,1,8/1/2015,17:54:05,"20,75",L
1109,483,napolitana_s,1,8/1/2015,17:54:05,12,S
1110,483,pep_msh_pep_s,1,8/1/2015,17:54:05,11,S
1111,483,spicy_ital_m,1,8/1/2015,17:54:05,"16,5",M
1112,484,four_cheese_l,1,8/1/2015,18:02:54,"17,95",L
1113,484,mexicana_l,1,8/1/2015,18:02:54,"20,25",L
1114,485,cali_ckn_m,1,8/1/2015,18:07:31,"16,75",M
1115,486,spinach_supr_s,1,8/1/2015,18:15:08,"12,5",S
1116,487,hawaiian_s,1,8/1/2015,18:30:16,"10,5",S
1117,487,sicilian_l,1,8/1/2015,18:30:16,"20,25",L
1118,487,spinach_fet_l,1,8/1/2015,18:30:16,"20,25",L
1119,488,veggie_veg_m,1,8/1/2015,18:46:02,16,M
1120,489,peppr_salami_l,1,8/1/2015,18:48:43,"20,75",L
1121,490,big_meat_s,1,8/1/2015,18:49:24,12,S
1122,490,classic_dlx_m,1,8/1/2015,18:49:24,16,M
1123,490,napolitana_m,1,8/1/2015,18:49:24,16,M
1124,491,napolitana_s,1,8/1/2015,19:01:12,12,S
1125,491,pepperoni_l,1,8/1/2015,19:01:12,"15,25",L
1126,491,peppr_salami_l,1,8/1/2015,19:01:12,"20,75",L
1127,491,prsc_argla_m,1,8/1/2015,19:01:12,"16,5",M
1128,492,ckn_pesto_l,1,8/1/2015,19:06:21,"20,75",L
1129,492,sicilian_m,1,8/1/2015,19:06:21,"16,25",M
1130,492,spinach_fet_m,1,8/1/2015,19:06:21,16,M
1131,493,ital_supr_l,1,8/1/2015,19:31:47,"20,75",L
1132,494,five_cheese_l,1,8/1/2015,19:38:40,"18,5",L
1133,494,four_cheese_l,1,8/1/2015,19:38:40,"17,95",L
1134,494,mexicana_l,1,8/1/2015,19:38:40,"20,25",L
1135,494,southw_ckn_l,1,8/1/2015,19:38:40,"20,75",L
1136,495,ital_supr_m,1,8/1/2015,19:42:52,"16,5",M
1137,495,sicilian_l,1,8/1/2015,19:42:52,"20,25",L
1138,496,hawaiian_l,1,8/1/2015,19:46:18,"16,5",L
1139,496,soppressata_s,1,8/1/2015,19:46:18,"12,5",S
1140,497,veggie_veg_s,1,8/1/2015,19:49:26,12,S
1141,498,ital_supr_m,1,8/1/2015,20:02:25,"16,5",M
1142,499,calabrese_s,1,8/1/2015,21:10:46,"12,25",S
1143,499,four_cheese_l,1,8/1/2015,21:10:46,"17,95",L
1144,499,mexicana_m,1,8/1/2015,21:10:46,16,M
1145,499,pep_msh_pep_m,1,8/1/2015,21:10:46,"14,5",M
1146,500,mediterraneo_m,1,8/1/2015,21:46:49,16,M
1147,501,cali_ckn_s,1,8/1/2015,21:51:31,"12,75",S
1148,501,hawaiian_s,1,8/1/2015,21:51:31,"10,5",S
1149,501,southw_ckn_l,1,8/1/2015,21:51:31,"20,75",L
1150,502,ital_veggie_m,1,8/1/2015,22:26:08,"16,75",M
1151,503,pepperoni_l,1,9/1/2015,11:16:21,"15,25",L
1152,503,sicilian_m,1,9/1/2015,11:16:21,"16,25",M
1153,504,the_greek_l,1,9/1/2015,11:48:18,"20,5",L
1154,505,pepperoni_m,1,9/1/2015,11:55:10,"12,5",M
1155,505,the_greek_xl,1,9/1/2015,11:55:10,"25,5",XL
1156,506,spinach_fet_m,1,9/1/2015,12:02:09,16,M
1157,507,ckn_pesto_s,1,9/1/2015,12:06:03,"12,75",S
1158,508,cali_ckn_m,1,9/1/2015,12:13:32,"16,75",M
1159,508,cali_ckn_s,1,9/1/2015,12:13:32,"12,75",S
1160,508,pepperoni_m,1,9/1/2015,12:13:32,"12,5",M
1161,509,spicy_ital_l,1,9/1/2015,12:13:58,"20,75",L
1162,510,classic_dlx_m,1,9/1/2015,12:15:03,16,M
1163,510,classic_dlx_s,1,9/1/2015,12:15:03,12,S
1164,510,ital_supr_l,1,9/1/2015,12:15:03,"20,75",L
1165,510,spicy_ital_l,1,9/1/2015,12:15:03,"20,75",L
1166,511,five_cheese_l,1,9/1/2015,12:18:21,"18,5",L
1167,512,ital_veggie_m,1,9/1/2015,12:19:24,"16,75",M
1168,513,four_cheese_l,1,9/1/2015,12:22:48,"17,95",L
1169,513,ital_veggie_m,1,9/1/2015,12:22:48,"16,75",M
1170,513,pepperoni_l,1,9/1/2015,12:22:48,"15,25",L
1171,513,thai_ckn_l,1,9/1/2015,12:22:48,"20,75",L
1172,514,classic_dlx_s,1,9/1/2015,12:26:47,12,S
1173,515,ckn_pesto_l,1,9/1/2015,13:07:37,"20,75",L
1174,515,mediterraneo_l,1,9/1/2015,13:07:37,"20,25",L
1175,516,napolitana_l,1,9/1/2015,13:09:09,"20,5",L
1176,516,veggie_veg_l,1,9/1/2015,13:09:09,"20,25",L
1177,517,mexicana_m,1,9/1/2015,13:09:11,16,M
1178,518,big_meat_s,1,9/1/2015,13:11:25,12,S
1179,518,prsc_argla_l,1,9/1/2015,13:11:25,"20,75",L
1180,518,sicilian_s,1,9/1/2015,13:11:25,"12,25",S
1181,519,prsc_argla_s,1,9/1/2015,13:15:20,"12,5",S
1182,520,spin_pesto_l,1,9/1/2015,13:22:33,"20,75",L
1183,521,thai_ckn_s,1,9/1/2015,13:43:07,"12,75",S
1184,522,bbq_ckn_s,1,9/1/2015,14:09:33,"12,75",S
1185,522,big_meat_s,1,9/1/2015,14:09:33,12,S
1186,522,classic_dlx_s,1,9/1/2015,14:09:33,12,S
1187,522,five_cheese_l,1,9/1/2015,14:09:33,"18,5",L
1188,522,four_cheese_l,2,9/1/2015,14:09:33,"17,95",L
1189,522,green_garden_s,1,9/1/2015,14:09:33,12,S
1190,522,ital_cpcllo_m,2,9/1/2015,14:09:33,16,M
1191,522,ital_veggie_l,1,9/1/2015,14:09:33,21,L
1192,522,sicilian_l,1,9/1/2015,14:09:33,"20,25",L
1193,522,the_greek_l,1,9/1/2015,14:09:33,"20,5",L
1194,522,the_greek_m,1,9/1/2015,14:09:33,16,M
1195,523,prsc_argla_m,1,9/1/2015,14:42:14,"16,5",M
1196,524,sicilian_s,1,9/1/2015,14:51:35,"12,25",S
1197,524,thai_ckn_m,1,9/1/2015,14:51:35,"16,75",M
1198,525,pepperoni_l,1,9/1/2015,15:08:46,"15,25",L
1199,526,cali_ckn_l,1,9/1/2015,15:10:13,"20,75",L
1200,526,five_cheese_l,1,9/1/2015,15:10:13,"18,5",L
1201,527,four_cheese_l,1,9/1/2015,15:23:37,"17,95",L
1202,527,southw_ckn_l,1,9/1/2015,15:23:37,"20,75",L
1203,528,ital_cpcllo_m,1,9/1/2015,15:27:21,16,M
1204,529,calabrese_m,1,9/1/2015,15:31:01,"16,25",M
1205,529,cali_ckn_m,2,9/1/2015,15:31:01,"16,75",M
1206,529,hawaiian_s,1,9/1/2015,15:31:01,"10,5",S
1207,530,classic_dlx_l,1,9/1/2015,15:43:01,"20,5",L
1208,530,ital_supr_m,1,9/1/2015,15:43:01,"16,5",M
1209,531,peppr_salami_m,2,9/1/2015,15:58:10,"16,5",M
1210,532,peppr_salami_l,1,9/1/2015,16:14:28,"20,75",L
1211,532,soppressata_s,1,9/1/2015,16:14:28,"12,5",S
1212,533,five_cheese_l,1,9/1/2015,16:28:43,"18,5",L
1213,533,spicy_ital_l,1,9/1/2015,16:28:43,"20,75",L
1214,533,the_greek_xl,1,9/1/2015,16:28:43,"25,5",XL
1215,534,prsc_argla_l,1,9/1/2015,16:43:32,"20,75",L
1216,534,southw_ckn_l,1,9/1/2015,16:43:32,"20,75",L
1217,535,classic_dlx_m,1,9/1/2015,17:08:47,16,M
1218,536,brie_carre_s,1,9/1/2015,17:18:50,"23,65",S
1219,536,peppr_salami_l,1,9/1/2015,17:18:50,"20,75",L
1220,537,classic_dlx_s,1,9/1/2015,17:23:52,12,S
1221,537,hawaiian_s,1,9/1/2015,17:23:52,"10,5",S
1222,537,ital_supr_l,1,9/1/2015,17:23:52,"20,75",L
1223,538,spinach_supr_l,1,9/1/2015,17:44:04,"20,75",L
1224,539,five_cheese_l,1,9/1/2015,17:51:34,"18,5",L
1225,539,ital_veggie_l,1,9/1/2015,17:51:34,21,L
1226,539,spinach_fet_m,1,9/1/2015,17:51:34,16,M
1227,540,spinach_supr_l,1,9/1/2015,17:52:41,"20,75",L
1228,541,big_meat_s,1,9/1/2015,18:07:47,12,S
1229,542,bbq_ckn_l,1,9/1/2015,18:08:06,"20,75",L
1230,542,prsc_argla_m,1,9/1/2015,18:08:06,"16,5",M
1231,543,ckn_pesto_l,1,9/1/2015,18:23:59,"20,75",L
1232,543,classic_dlx_m,1,9/1/2015,18:23:59,16,M
1233,543,mediterraneo_m,1,9/1/2015,18:23:59,16,M
1234,544,napolitana_m,1,9/1/2015,18:31:04,16,M
1235,544,sicilian_m,1,9/1/2015,18:31:04,"16,25",M
1236,545,pepperoni_l,1,9/1/2015,18:46:28,"15,25",L
1237,545,pepperoni_s,1,9/1/2015,18:46:28,"9,75",S
1238,545,peppr_salami_l,1,9/1/2015,18:46:28,"20,75",L
1239,545,soppressata_l,1,9/1/2015,18:46:28,"20,75",L
1240,546,green_garden_s,1,9/1/2015,18:47:27,12,S
1241,547,big_meat_s,1,9/1/2015,18:49:23,12,S
1242,548,hawaiian_l,1,9/1/2015,19:06:09,"16,5",L
1243,549,big_meat_s,1,9/1/2015,19:06:34,12,S
1244,549,thai_ckn_l,1,9/1/2015,19:06:34,"20,75",L
1245,550,spinach_fet_m,1,9/1/2015,19:12:59,16,M
1246,550,the_greek_m,1,9/1/2015,19:12:59,16,M
1247,551,four_cheese_l,1,9/1/2015,19:26:24,"17,95",L
1248,551,soppressata_m,1,9/1/2015,19:26:24,"16,5",M
1249,551,thai_ckn_l,1,9/1/2015,19:26:24,"20,75",L
1250,551,the_greek_m,1,9/1/2015,19:26:24,16,M
1251,552,ckn_alfredo_m,1,9/1/2015,19:31:25,"16,75",M
1252,552,green_garden_s,1,9/1/2015,19:31:25,12,S
1253,552,ital_supr_l,1,9/1/2015,19:31:25,"20,75",L
1254,553,mexicana_l,1,9/1/2015,20:14:47,"20,25",L
1255,554,ckn_alfredo_m,1,9/1/2015,20:15:51,"16,75",M
1256,554,green_garden_s,1,9/1/2015,20:15:51,12,S
1257,555,bbq_ckn_s,1,9/1/2015,20:18:25,"12,75",S
1258,555,hawaiian_s,1,9/1/2015,20:18:25,"10,5",S
1259,556,four_cheese_l,1,9/1/2015,20:23:12,"17,95",L
1260,556,the_greek_xl,1,9/1/2015,20:23:12,"25,5",XL
1261,557,sicilian_s,1,9/1/2015,20:30:06,"12,25",S
1262,557,spicy_ital_s,1,9/1/2015,20:30:06,"12,5",S
1263,558,hawaiian_m,1,9/1/2015,20:51:10,"13,25",M
1264,559,classic_dlx_s,1,9/1/2015,21:10:16,12,S
1265,560,green_garden_m,1,9/1/2015,21:13:48,16,M
1266,560,spicy_ital_m,1,9/1/2015,21:13:48,"16,5",M
1267,561,spinach_supr_s,1,9/1/2015,21:47:56,"12,5",S
1268,562,ckn_alfredo_m,1,9/1/2015,22:04:05,"16,75",M
1269,563,mexicana_l,1,9/1/2015,22:19:03,"20,25",L
1270,563,veggie_veg_s,1,9/1/2015,22:19:03,12,S
1271,564,mediterraneo_s,1,9/1/2015,22:32:32,12,S
1272,564,pepperoni_m,1,9/1/2015,22:32:32,"12,5",M
1273,564,spinach_supr_l,1,9/1/2015,22:32:32,"20,75",L
1274,565,ital_veggie_s,1,10/1/2015,12:11:19,"12,75",S
1275,566,spinach_supr_l,1,10/1/2015,12:21:19,"20,75",L
1276,567,bbq_ckn_l,1,10/1/2015,12:27:47,"20,75",L
1277,567,five_cheese_l,2,10/1/2015,12:27:47,"18,5",L
1278,567,four_cheese_m,1,10/1/2015,12:27:47,"14,75",M
1279,567,pepperoni_m,1,10/1/2015,12:27:47,"12,5",M
1280,567,sicilian_m,1,10/1/2015,12:27:47,"16,25",M
1281,567,sicilian_s,1,10/1/2015,12:27:47,"12,25",S
1282,567,soppressata_l,1,10/1/2015,12:27:47,"20,75",L
1283,567,spicy_ital_l,1,10/1/2015,12:27:47,"20,75",L
1284,567,spinach_supr_m,1,10/1/2015,12:27:47,"16,5",M
1285,567,thai_ckn_s,1,10/1/2015,12:27:47,"12,75",S
1286,568,mexicana_l,1,10/1/2015,12:28:53,"20,25",L
1287,569,bbq_ckn_s,1,10/1/2015,12:37:10,"12,75",S
1288,569,ckn_alfredo_m,1,10/1/2015,12:37:10,"16,75",M
1289,569,classic_dlx_s,1,10/1/2015,12:37:10,12,S
1290,570,green_garden_m,1,10/1/2015,13:13:59,16,M
1291,570,southw_ckn_l,1,10/1/2015,13:13:59,"20,75",L
1292,571,big_meat_s,1,10/1/2015,13:14:47,12,S
1293,572,southw_ckn_m,1,10/1/2015,13:15:32,"16,75",M
1294,573,classic_dlx_m,1,10/1/2015,13:39:33,16,M
1295,573,five_cheese_l,1,10/1/2015,13:39:33,"18,5",L
1296,574,ital_veggie_m,1,10/1/2015,13:40:54,"16,75",M
1297,575,classic_dlx_l,1,10/1/2015,13:41:04,"20,5",L
1298,575,napolitana_l,1,10/1/2015,13:41:04,"20,5",L
1299,575,pepperoni_l,1,10/1/2015,13:41:04,"15,25",L
1300,575,spinach_fet_m,1,10/1/2015,13:41:04,16,M
1301,576,big_meat_s,1,10/1/2015,13:44:22,12,S
1302,576,ckn_alfredo_m,1,10/1/2015,13:44:22,"16,75",M
1303,576,spinach_fet_s,1,10/1/2015,13:44:22,12,S
1304,577,spinach_fet_m,1,10/1/2015,13:45:00,16,M
1305,577,veggie_veg_l,1,10/1/2015,13:45:00,"20,25",L
1306,578,bbq_ckn_s,1,10/1/2015,13:48:49,"12,75",S
1307,578,calabrese_m,1,10/1/2015,13:48:49,"16,25",M
1308,578,pepperoni_l,1,10/1/2015,13:48:49,"15,25",L
1309,578,peppr_salami_m,1,10/1/2015,13:48:49,"16,5",M
1310,578,the_greek_xl,1,10/1/2015,13:48:49,"25,5",XL
1311,579,green_garden_s,1,10/1/2015,13:51:19,12,S
1312,580,hawaiian_m,1,10/1/2015,13:56:01,"13,25",M
1313,580,southw_ckn_m,1,10/1/2015,13:56:01,"16,75",M
1314,581,mexicana_l,1,10/1/2015,14:13:01,"20,25",L
1315,582,mediterraneo_l,1,10/1/2015,14:24:14,"20,25",L
1316,583,ital_supr_l,1,10/1/2015,14:33:19,"20,75",L
1317,584,sicilian_s,1,10/1/2015,15:05:29,"12,25",S
1318,584,soppressata_s,1,10/1/2015,15:05:29,"12,5",S
1319,585,brie_carre_s,1,10/1/2015,15:58:42,"23,65",S
1320,585,mexicana_l,1,10/1/2015,15:58:42,"20,25",L
1321,586,ital_cpcllo_m,1,10/1/2015,16:09:57,16,M
1322,586,southw_ckn_m,1,10/1/2015,16:09:57,"16,75",M
1323,587,peppr_salami_l,1,10/1/2015,16:32:36,"20,75",L
1324,587,peppr_salami_s,1,10/1/2015,16:32:36,"12,5",S
1325,588,cali_ckn_s,1,10/1/2015,16:33:36,"12,75",S
1326,589,ital_supr_s,1,10/1/2015,17:12:39,"12,5",S
1327,589,mediterraneo_m,1,10/1/2015,17:12:39,16,M
1328,589,veggie_veg_s,1,10/1/2015,17:12:39,12,S
1329,590,five_cheese_l,1,10/1/2015,17:23:39,"18,5",L
1330,591,four_cheese_l,1,10/1/2015,17:32:54,"17,95",L
1331,591,southw_ckn_s,1,10/1/2015,17:32:54,"12,75",S
1332,591,spin_pesto_l,1,10/1/2015,17:32:54,"20,75",L
1333,592,ital_veggie_s,1,10/1/2015,17:41:55,"12,75",S
1334,592,pep_msh_pep_m,1,10/1/2015,17:41:55,"14,5",M
1335,592,thai_ckn_l,1,10/1/2015,17:41:55,"20,75",L
1336,593,cali_ckn_l,1,10/1/2015,17:48:57,"20,75",L
1337,593,spicy_ital_l,1,10/1/2015,17:48:57,"20,75",L
1338,594,calabrese_l,1,10/1/2015,17:50:19,"20,25",L
1339,595,classic_dlx_l,1,10/1/2015,18:12:28,"20,5",L
1340,595,prsc_argla_m,1,10/1/2015,18:12:28,"16,5",M
1341,596,pep_msh_pep_s,1,10/1/2015,18:24:07,11,S
1342,596,soppressata_s,1,10/1/2015,18:24:07,"12,5",S
1343,597,cali_ckn_l,1,10/1/2015,18:32:36,"20,75",L
1344,597,prsc_argla_m,1,10/1/2015,18:32:36,"16,5",M
1345,597,spicy_ital_m,1,10/1/2015,18:32:36,"16,5",M
1346,598,prsc_argla_l,1,10/1/2015,18:34:14,"20,75",L
1347,599,peppr_salami_l,1,10/1/2015,18:34:27,"20,75",L
1348,600,classic_dlx_s,1,10/1/2015,18:53:52,12,S
1349,600,four_cheese_l,1,10/1/2015,18:53:52,"17,95",L
1350,600,mediterraneo_m,1,10/1/2015,18:53:52,16,M
1351,600,mexicana_m,1,10/1/2015,18:53:52,16,M
1352,601,bbq_ckn_l,1,10/1/2015,18:58:19,"20,75",L
1353,601,classic_dlx_s,1,10/1/2015,18:58:19,12,S
1354,601,spin_pesto_m,1,10/1/2015,18:58:19,"16,5",M
1355,602,peppr_salami_l,1,10/1/2015,19:02:27,"20,75",L
1356,603,mexicana_m,1,10/1/2015,19:03:11,16,M
1357,604,soppressata_s,1,10/1/2015,19:13:29,"12,5",S
1358,604,spinach_supr_m,1,10/1/2015,19:13:29,"16,5",M
1359,605,pepperoni_m,1,10/1/2015,19:23:51,"12,5",M
1360,605,the_greek_xl,1,10/1/2015,19:23:51,"25,5",XL
1361,606,pepperoni_l,1,10/1/2015,19:27:18,"15,25",L
1362,607,bbq_ckn_m,1,10/1/2015,19:36:16,"16,75",M
1363,607,ital_supr_m,1,10/1/2015,19:36:16,"16,5",M
1364,607,spinach_supr_l,1,10/1/2015,19:36:16,"20,75",L
1365,608,hawaiian_l,1,10/1/2015,19:36:33,"16,5",L
1366,608,pepperoni_m,1,10/1/2015,19:36:33,"12,5",M
1367,608,thai_ckn_l,1,10/1/2015,19:36:33,"20,75",L
1368,608,thai_ckn_s,1,10/1/2015,19:36:33,"12,75",S
1369,609,four_cheese_l,1,10/1/2015,19:39:32,"17,95",L
1370,610,big_meat_s,1,10/1/2015,19:51:02,12,S
1371,610,pepperoni_l,1,10/1/2015,19:51:02,"15,25",L
1372,611,five_cheese_l,1,10/1/2015,19:58:10,"18,5",L
1373,611,mexicana_s,1,10/1/2015,19:58:10,12,S
1374,611,southw_ckn_m,1,10/1/2015,19:58:10,"16,75",M
1375,611,the_greek_xl,1,10/1/2015,19:58:10,"25,5",XL
1376,612,big_meat_s,1,10/1/2015,19:58:15,12,S
1377,612,ital_supr_l,1,10/1/2015,19:58:15,"20,75",L
1378,612,mexicana_l,1,10/1/2015,19:58:15,"20,25",L
1379,612,soppressata_s,1,10/1/2015,19:58:15,"12,5",S
1380,613,napolitana_s,1,10/1/2015,20:10:44,12,S
1381,614,peppr_salami_l,1,10/1/2015,20:12:33,"20,75",L
1382,615,cali_ckn_l,1,10/1/2015,20:14:03,"20,75",L
1383,615,pep_msh_pep_m,1,10/1/2015,20:14:03,"14,5",M
1384,616,prsc_argla_l,1,10/1/2015,20:20:10,"20,75",L
1385,616,veggie_veg_m,1,10/1/2015,20:20:10,16,M
1386,617,ckn_pesto_l,1,10/1/2015,20:27:26,"20,75",L
1387,617,southw_ckn_m,1,10/1/2015,20:27:26,"16,75",M
1388,618,prsc_argla_m,1,10/1/2015,20:31:14,"16,5",M
1389,618,spin_pesto_m,1,10/1/2015,20:31:14,"16,5",M
1390,619,ital_cpcllo_l,1,10/1/2015,20:41:58,"20,5",L
1391,620,bbq_ckn_l,1,10/1/2015,20:45:45,"20,75",L
1392,620,cali_ckn_m,1,10/1/2015,20:45:45,"16,75",M
1393,620,peppr_salami_m,1,10/1/2015,20:45:45,"16,5",M
1394,620,the_greek_s,1,10/1/2015,20:45:45,12,S
1395,621,calabrese_m,1,10/1/2015,20:49:29,"16,25",M
1396,621,four_cheese_l,1,10/1/2015,20:49:29,"17,95",L
1397,621,mexicana_l,1,10/1/2015,20:49:29,"20,25",L
1398,621,spicy_ital_l,1,10/1/2015,20:49:29,"20,75",L
1399,622,ital_supr_m,1,10/1/2015,20:57:41,"16,5",M
1400,622,spicy_ital_l,1,10/1/2015,20:57:41,"20,75",L
1401,623,cali_ckn_l,1,10/1/2015,21:21:21,"20,75",L
1402,623,hawaiian_l,1,10/1/2015,21:21:21,"16,5",L
1403,624,cali_ckn_m,1,10/1/2015,21:22:44,"16,75",M
1404,624,veggie_veg_m,1,10/1/2015,21:22:44,16,M
1405,625,spinach_fet_l,1,10/1/2015,21:50:23,"20,25",L
1406,625,spinach_supr_m,1,10/1/2015,21:50:23,"16,5",M
1407,626,classic_dlx_m,1,10/1/2015,21:55:12,16,M
1408,626,four_cheese_m,1,10/1/2015,21:55:12,"14,75",M
1409,627,the_greek_l,1,10/1/2015,22:18:35,"20,5",L
1410,627,the_greek_m,1,10/1/2015,22:18:35,16,M
1411,628,classic_dlx_l,1,10/1/2015,22:47:17,"20,5",L
1412,628,ital_veggie_s,1,10/1/2015,22:47:17,"12,75",S
1413,628,the_greek_s,1,10/1/2015,22:47:17,12,S
1414,628,veggie_veg_s,1,10/1/2015,22:47:17,12,S
1415,629,calabrese_m,1,10/1/2015,22:48:39,"16,25",M
1416,629,five_cheese_l,1,10/1/2015,22:48:39,"18,5",L
1417,629,pep_msh_pep_m,1,10/1/2015,22:48:39,"14,5",M
1418,629,spin_pesto_l,1,10/1/2015,22:48:39,"20,75",L
1419,630,sicilian_s,1,11/1/2015,11:42:08,"12,25",S
1420,631,pepperoni_l,1,11/1/2015,11:44:36,"15,25",L
1421,632,classic_dlx_s,1,11/1/2015,11:44:52,12,S
1422,633,mediterraneo_l,1,11/1/2015,11:51:45,"20,25",L
1423,633,pepperoni_l,1,11/1/2015,11:51:45,"15,25",L
1424,633,peppr_salami_l,1,11/1/2015,11:51:45,"20,75",L
1425,634,pepperoni_l,1,11/1/2015,12:14:15,"15,25",L
1426,635,calabrese_l,1,11/1/2015,12:18:31,"20,25",L
1427,635,cali_ckn_s,2,11/1/2015,12:18:31,"12,75",S
1428,635,hawaiian_s,1,11/1/2015,12:18:31,"10,5",S
1429,635,mexicana_l,1,11/1/2015,12:18:31,"20,25",L
1430,635,pepperoni_m,1,11/1/2015,12:18:31,"12,5",M
1431,635,pepperoni_s,1,11/1/2015,12:18:31,"9,75",S
1432,635,peppr_salami_s,1,11/1/2015,12:18:31,"12,5",S
1433,635,sicilian_s,1,11/1/2015,12:18:31,"12,25",S
1434,635,spinach_fet_l,1,11/1/2015,12:18:31,"20,25",L
1435,635,spinach_fet_s,1,11/1/2015,12:18:31,12,S
1436,636,classic_dlx_m,1,11/1/2015,12:34:44,16,M
1437,637,the_greek_l,1,11/1/2015,12:44:10,"20,5",L
1438,637,veggie_veg_m,1,11/1/2015,12:44:10,16,M
1439,638,mexicana_l,1,11/1/2015,12:49:26,"20,25",L
1440,639,pep_msh_pep_m,1,11/1/2015,13:23:21,"14,5",M
1441,640,cali_ckn_s,1,11/1/2015,13:28:08,"12,75",S
1442,640,ckn_pesto_l,1,11/1/2015,13:28:08,"20,75",L
1443,640,napolitana_s,1,11/1/2015,13:28:08,12,S
1444,641,pepperoni_m,1,11/1/2015,13:37:46,"12,5",M
1445,641,southw_ckn_l,1,11/1/2015,13:37:46,"20,75",L
1446,641,spin_pesto_m,1,11/1/2015,13:37:46,"16,5",M
1447,641,spinach_fet_s,1,11/1/2015,13:37:46,12,S
1448,642,calabrese_m,1,11/1/2015,13:40:00,"16,25",M
1449,642,cali_ckn_l,1,11/1/2015,13:40:00,"20,75",L
1450,642,ital_supr_l,1,11/1/2015,13:40:00,"20,75",L
1451,642,soppressata_l,1,11/1/2015,13:40:00,"20,75",L
1452,643,spinach_fet_m,1,11/1/2015,13:43:19,16,M
1453,644,ital_supr_l,1,11/1/2015,13:52:52,"20,75",L
1454,644,peppr_salami_m,1,11/1/2015,13:52:52,"16,5",M
1455,645,bbq_ckn_m,1,11/1/2015,14:03:45,"16,75",M
1456,645,big_meat_s,1,11/1/2015,14:03:45,12,S
1457,646,hawaiian_s,1,11/1/2015,14:07:26,"10,5",S
1458,646,thai_ckn_l,1,11/1/2015,14:07:26,"20,75",L
1459,647,hawaiian_s,1,11/1/2015,14:07:35,"10,5",S
1460,648,four_cheese_l,1,11/1/2015,14:17:17,"17,95",L
1461,648,pepperoni_m,1,11/1/2015,14:17:17,"12,5",M
1462,649,cali_ckn_s,1,11/1/2015,14:29:23,"12,75",S
1463,649,pepperoni_m,1,11/1/2015,14:29:23,"12,5",M
1464,649,peppr_salami_m,1,11/1/2015,14:29:23,"16,5",M
1465,649,sicilian_s,1,11/1/2015,14:29:23,"12,25",S
1466,650,pepperoni_m,1,11/1/2015,14:34:05,"12,5",M
1467,651,bbq_ckn_s,1,11/1/2015,14:49:35,"12,75",S
1468,651,calabrese_m,1,11/1/2015,14:49:35,"16,25",M
1469,651,pepperoni_m,1,11/1/2015,14:49:35,"12,5",M
1470,652,big_meat_s,1,11/1/2015,16:03:38,12,S
1471,652,ckn_alfredo_m,1,11/1/2015,16:03:38,"16,75",M
1472,652,ckn_pesto_s,1,11/1/2015,16:03:38,"12,75",S
1473,652,prsc_argla_s,1,11/1/2015,16:03:38,"12,5",S
1474,653,thai_ckn_s,1,11/1/2015,16:18:23,"12,75",S
1475,654,mexicana_l,1,11/1/2015,16:34:07,"20,25",L
1476,654,sicilian_l,1,11/1/2015,16:34:07,"20,25",L
1477,654,spin_pesto_m,1,11/1/2015,16:34:07,"16,5",M
1478,655,ital_supr_m,1,11/1/2015,16:43:33,"16,5",M
1479,656,thai_ckn_l,1,11/1/2015,16:44:49,"20,75",L
1480,656,veggie_veg_l,1,11/1/2015,16:44:49,"20,25",L
1481,657,bbq_ckn_m,1,11/1/2015,16:45:47,"16,75",M
1482,657,classic_dlx_m,1,11/1/2015,16:45:47,16,M
1483,658,napolitana_m,1,11/1/2015,16:55:24,16,M
1484,658,peppr_salami_s,1,11/1/2015,16:55:24,"12,5",S
1485,658,veggie_veg_m,1,11/1/2015,16:55:24,16,M
1486,659,ital_supr_m,1,11/1/2015,16:56:39,"16,5",M
1487,659,sicilian_l,1,11/1/2015,16:56:39,"20,25",L
1488,660,bbq_ckn_s,1,11/1/2015,17:09:36,"12,75",S
1489,660,ital_supr_m,1,11/1/2015,17:09:36,"16,5",M
1490,661,napolitana_s,1,11/1/2015,17:18:14,12,S
1491,662,bbq_ckn_l,1,11/1/2015,17:21:49,"20,75",L
1492,662,prsc_argla_s,1,11/1/2015,17:21:49,"12,5",S
1493,663,four_cheese_l,1,11/1/2015,17:29:14,"17,95",L
1494,664,calabrese_m,1,11/1/2015,17:35:14,"16,25",M
1495,664,ital_supr_l,1,11/1/2015,17:35:14,"20,75",L
1496,664,pepperoni_l,1,11/1/2015,17:35:14,"15,25",L
1497,665,bbq_ckn_m,1,11/1/2015,17:42:23,"16,75",M
1498,665,mediterraneo_s,1,11/1/2015,17:42:23,12,S
1499,666,hawaiian_l,1,11/1/2015,17:42:25,"16,5",L
1500,667,big_meat_s,1,11/1/2015,18:13:08,12,S
1501,667,pepperoni_s,1,11/1/2015,18:13:08,"9,75",S
1502,668,ital_supr_m,1,11/1/2015,18:13:12,"16,5",M
1503,668,mexicana_l,1,11/1/2015,18:13:12,"20,25",L
1504,668,peppr_salami_l,1,11/1/2015,18:13:12,"20,75",L
1505,668,spicy_ital_m,1,11/1/2015,18:13:12,"16,5",M
1506,669,ital_cpcllo_l,1,11/1/2015,18:40:44,"20,5",L
1507,669,mexicana_l,1,11/1/2015,18:40:44,"20,25",L
1508,670,ital_cpcllo_s,1,11/1/2015,18:46:25,12,S
1509,670,soppressata_m,1,11/1/2015,18:46:25,"16,5",M
1510,671,ckn_pesto_s,1,11/1/2015,19:18:42,"12,75",S
1511,672,green_garden_m,1,11/1/2015,19:18:46,16,M
1512,672,spicy_ital_l,1,11/1/2015,19:18:46,"20,75",L
1513,673,soppressata_l,1,11/1/2015,19:28:13,"20,75",L
1514,673,thai_ckn_m,1,11/1/2015,19:28:13,"16,75",M
1515,674,ckn_pesto_m,1,11/1/2015,19:33:05,"16,75",M
1516,674,mexicana_l,1,11/1/2015,19:33:05,"20,25",L
1517,674,prsc_argla_s,1,11/1/2015,19:33:05,"12,5",S
1518,674,spinach_fet_m,1,11/1/2015,19:33:05,16,M
1519,675,napolitana_l,1,11/1/2015,19:33:19,"20,5",L
1520,676,mexicana_l,1,11/1/2015,19:44:57,"20,25",L
1521,676,veggie_veg_m,1,11/1/2015,19:44:57,16,M
1522,677,peppr_salami_l,1,11/1/2015,19:51:09,"20,75",L
1523,678,mexicana_s,1,11/1/2015,19:52:49,12,S
1524,678,napolitana_m,1,11/1/2015,19:52:49,16,M
1525,678,spicy_ital_m,2,11/1/2015,19:52:49,"16,5",M
1526,679,brie_carre_s,1,11/1/2015,20:31:02,"23,65",S
1527,679,four_cheese_m,1,11/1/2015,20:31:02,"14,75",M
1528,679,ital_supr_l,1,11/1/2015,20:31:02,"20,75",L
1529,679,mediterraneo_l,1,11/1/2015,20:31:02,"20,25",L
1530,680,ckn_pesto_s,1,11/1/2015,21:07:30,"12,75",S
1531,680,sicilian_m,1,11/1/2015,21:07:30,"16,25",M
1532,681,peppr_salami_l,1,11/1/2015,21:29:50,"20,75",L
1533,682,ital_supr_l,1,12/1/2015,11:38:15,"20,75",L
1534,683,ckn_pesto_l,1,12/1/2015,11:39:08,"20,75",L
1535,683,ital_veggie_s,1,12/1/2015,11:39:08,"12,75",S
1536,683,peppr_salami_m,1,12/1/2015,11:39:08,"16,5",M
1537,684,four_cheese_l,1,12/1/2015,12:01:23,"17,95",L
1538,685,soppressata_l,1,12/1/2015,12:11:46,"20,75",L
1539,686,big_meat_s,1,12/1/2015,12:13:07,12,S
1540,687,ital_veggie_m,1,12/1/2015,12:21:09,"16,75",M
1541,688,spicy_ital_l,1,12/1/2015,12:26:41,"20,75",L
1542,688,spinach_supr_m,1,12/1/2015,12:26:41,"16,5",M
1543,689,thai_ckn_l,1,12/1/2015,12:33:22,"20,75",L
1544,689,thai_ckn_m,1,12/1/2015,12:33:22,"16,75",M
1545,690,pepperoni_m,1,12/1/2015,12:42:10,"12,5",M
1546,691,bbq_ckn_l,1,12/1/2015,12:45:53,"20,75",L
1547,692,cali_ckn_m,1,12/1/2015,12:53:37,"16,75",M
1548,692,ital_veggie_m,1,12/1/2015,12:53:37,"16,75",M
1549,693,bbq_ckn_l,1,12/1/2015,13:04:24,"20,75",L
1550,693,big_meat_s,1,12/1/2015,13:04:24,12,S
1551,693,green_garden_m,1,12/1/2015,13:04:24,16,M
1552,693,ital_cpcllo_s,1,12/1/2015,13:04:24,12,S
1553,694,ital_veggie_l,1,12/1/2015,13:30:47,21,L
1554,694,pep_msh_pep_m,1,12/1/2015,13:30:47,"14,5",M
1555,694,pepperoni_l,1,12/1/2015,13:30:47,"15,25",L
1556,695,southw_ckn_s,1,12/1/2015,13:33:06,"12,75",S
1557,696,prsc_argla_m,1,12/1/2015,13:49:40,"16,5",M
1558,696,spicy_ital_s,1,12/1/2015,13:49:40,"12,5",S
1559,697,classic_dlx_m,1,12/1/2015,13:58:56,16,M
1560,697,spin_pesto_s,1,12/1/2015,13:58:56,"12,5",S
1561,698,big_meat_s,1,12/1/2015,14:08:16,12,S
1562,698,pep_msh_pep_l,1,12/1/2015,14:08:16,"17,5",L
1563,698,thai_ckn_l,1,12/1/2015,14:08:16,"20,75",L
1564,699,pepperoni_s,1,12/1/2015,14:27:03,"9,75",S
1565,700,brie_carre_s,1,12/1/2015,14:31:13,"23,65",S
1566,700,ckn_pesto_s,1,12/1/2015,14:31:13,"12,75",S
1567,700,ital_cpcllo_l,1,12/1/2015,14:31:13,"20,5",L
1568,700,peppr_salami_s,1,12/1/2015,14:31:13,"12,5",S
1569,700,sicilian_s,1,12/1/2015,14:31:13,"12,25",S
1570,701,hawaiian_s,1,12/1/2015,14:33:39,"10,5",S
1571,701,prsc_argla_s,1,12/1/2015,14:33:39,"12,5",S
1572,702,bbq_ckn_s,1,12/1/2015,14:38:35,"12,75",S
1573,702,sicilian_s,1,12/1/2015,14:38:35,"12,25",S
1574,703,peppr_salami_s,1,12/1/2015,15:08:01,"12,5",S
1575,704,calabrese_m,1,12/1/2015,15:28:25,"16,25",M
1576,704,mediterraneo_l,1,12/1/2015,15:28:25,"20,25",L
1577,705,green_garden_s,1,12/1/2015,15:31:00,12,S
1578,705,ital_supr_m,1,12/1/2015,15:31:00,"16,5",M
1579,705,southw_ckn_m,1,12/1/2015,15:31:00,"16,75",M
1580,706,cali_ckn_s,1,12/1/2015,15:39:04,"12,75",S
1581,706,napolitana_l,1,12/1/2015,15:39:04,"20,5",L
1582,707,bbq_ckn_m,1,12/1/2015,15:41:32,"16,75",M
1583,707,peppr_salami_l,1,12/1/2015,15:41:32,"20,75",L
1584,707,southw_ckn_l,1,12/1/2015,15:41:32,"20,75",L
1585,708,four_cheese_l,1,12/1/2015,15:52:44,"17,95",L
1586,709,bbq_ckn_s,1,12/1/2015,15:53:56,"12,75",S
1587,710,hawaiian_l,1,12/1/2015,15:59:52,"16,5",L
1588,710,southw_ckn_l,1,12/1/2015,15:59:52,"20,75",L
1589,710,the_greek_s,1,12/1/2015,15:59:52,12,S
1590,710,the_greek_xl,1,12/1/2015,15:59:52,"25,5",XL
1591,711,ckn_alfredo_m,1,12/1/2015,16:21:10,"16,75",M
1592,711,mexicana_l,1,12/1/2015,16:21:10,"20,25",L
1593,711,pep_msh_pep_m,1,12/1/2015,16:21:10,"14,5",M
1594,711,sicilian_l,1,12/1/2015,16:21:10,"20,25",L
1595,712,ital_veggie_l,1,12/1/2015,16:22:18,21,L
1596,713,five_cheese_l,1,12/1/2015,16:31:56,"18,5",L
1597,713,mediterraneo_s,1,12/1/2015,16:31:56,12,S
1598,714,classic_dlx_m,1,12/1/2015,16:55:08,16,M
1599,714,hawaiian_l,1,12/1/2015,16:55:08,"16,5",L
1600,714,hawaiian_s,1,12/1/2015,16:55:08,"10,5",S
1601,714,ital_cpcllo_l,1,12/1/2015,16:55:08,"20,5",L
1602,715,pepperoni_m,1,12/1/2015,17:05:33,"12,5",M
1603,715,peppr_salami_m,1,12/1/2015,17:05:33,"16,5",M
1604,715,spinach_fet_m,1,12/1/2015,17:05:33,16,M
1605,716,big_meat_s,1,12/1/2015,17:06:05,12,S
1606,717,bbq_ckn_m,1,12/1/2015,17:24:44,"16,75",M
1607,717,southw_ckn_l,1,12/1/2015,17:24:44,"20,75",L
1608,718,cali_ckn_m,1,12/1/2015,17:46:30,"16,75",M
1609,718,southw_ckn_l,1,12/1/2015,17:46:30,"20,75",L
1610,719,bbq_ckn_l,1,12/1/2015,17:52:27,"20,75",L
1611,719,mexicana_s,1,12/1/2015,17:52:27,12,S
1612,720,green_garden_m,1,12/1/2015,17:53:59,16,M
1613,720,napolitana_l,1,12/1/2015,17:53:59,"20,5",L
1614,720,pep_msh_pep_m,1,12/1/2015,17:53:59,"14,5",M
1615,720,sicilian_m,1,12/1/2015,17:53:59,"16,25",M
1616,721,classic_dlx_s,1,12/1/2015,18:17:15,12,S
1617,721,spicy_ital_l,1,12/1/2015,18:17:15,"20,75",L
1618,722,napolitana_l,1,12/1/2015,18:20:58,"20,5",L
1619,722,spin_pesto_s,1,12/1/2015,18:20:58,"12,5",S
1620,723,bbq_ckn_l,1,12/1/2015,18:21:04,"20,75",L
1621,723,pepperoni_s,1,12/1/2015,18:21:04,"9,75",S
1622,724,big_meat_s,1,12/1/2015,18:24:47,12,S
1623,724,green_garden_m,1,12/1/2015,18:24:47,16,M
1624,724,southw_ckn_l,2,12/1/2015,18:24:47,"20,75",L
1625,725,big_meat_s,1,12/1/2015,18:33:14,12,S
1626,725,mexicana_s,1,12/1/2015,18:33:14,12,S
1627,725,thai_ckn_l,1,12/1/2015,18:33:14,"20,75",L
1628,725,the_greek_xl,1,12/1/2015,18:33:14,"25,5",XL
1629,726,sicilian_s,1,12/1/2015,18:34:25,"12,25",S
1630,727,sicilian_s,1,12/1/2015,18:44:57,"12,25",S
1631,728,southw_ckn_m,1,12/1/2015,18:53:17,"16,75",M
1632,728,thai_ckn_s,1,12/1/2015,18:53:17,"12,75",S
1633,728,the_greek_m,1,12/1/2015,18:53:17,16,M
1634,729,classic_dlx_m,1,12/1/2015,19:20:41,16,M
1635,729,hawaiian_l,1,12/1/2015,19:20:41,"16,5",L
1636,729,sicilian_s,1,12/1/2015,19:20:41,"12,25",S
1637,730,ital_supr_m,1,12/1/2015,19:22:00,"16,5",M
1638,731,sicilian_m,1,12/1/2015,19:27:47,"16,25",M
1639,731,veggie_veg_s,1,12/1/2015,19:27:47,12,S
1640,732,spinach_fet_l,1,12/1/2015,19:30:17,"20,25",L
1641,733,cali_ckn_s,1,12/1/2015,19:57:36,"12,75",S
1642,733,ital_cpcllo_l,1,12/1/2015,19:57:36,"20,5",L
1643,733,pepperoni_s,1,12/1/2015,19:57:36,"9,75",S
1644,733,thai_ckn_l,1,12/1/2015,19:57:36,"20,75",L
1645,734,pepperoni_s,1,12/1/2015,20:00:30,"9,75",S
1646,735,ckn_pesto_s,1,12/1/2015,20:35:34,"12,75",S
1647,735,pep_msh_pep_m,1,12/1/2015,20:35:34,"14,5",M
1648,735,pep_msh_pep_s,1,12/1/2015,20:35:34,11,S
1649,736,five_cheese_l,1,12/1/2015,21:35:14,"18,5",L
1650,736,veggie_veg_s,1,12/1/2015,21:35:14,12,S
1651,737,bbq_ckn_m,1,13-01-2015,11:31:34,"16,75",M
1652,737,thai_ckn_m,1,13-01-2015,11:31:34,"16,75",M
1653,738,southw_ckn_m,1,13-01-2015,12:16:47,"16,75",M
1654,739,big_meat_s,1,13-01-2015,12:19:38,12,S
1655,740,cali_ckn_m,1,13-01-2015,12:29:51,"16,75",M
1656,740,ckn_pesto_l,1,13-01-2015,12:29:51,"20,75",L
1657,740,five_cheese_l,2,13-01-2015,12:29:51,"18,5",L
1658,740,four_cheese_l,1,13-01-2015,12:29:51,"17,95",L
1659,740,ital_cpcllo_l,2,13-01-2015,12:29:51,"20,5",L
1660,740,ital_supr_m,1,13-01-2015,12:29:51,"16,5",M
1661,740,napolitana_l,1,13-01-2015,12:29:51,"20,5",L
1662,740,prsc_argla_m,1,13-01-2015,12:29:51,"16,5",M
1663,740,sicilian_l,1,13-01-2015,12:29:51,"20,25",L
1664,740,spinach_fet_l,1,13-01-2015,12:29:51,"20,25",L
1665,740,spinach_fet_m,1,13-01-2015,12:29:51,16,M
1666,740,spinach_fet_s,1,13-01-2015,12:29:51,12,S
1667,740,the_greek_xl,1,13-01-2015,12:29:51,"25,5",XL
1668,741,napolitana_m,1,13-01-2015,12:49:09,16,M
1669,742,bbq_ckn_l,1,13-01-2015,12:53:01,"20,75",L
1670,743,napolitana_l,1,13-01-2015,13:08:32,"20,5",L
1671,744,peppr_salami_m,1,13-01-2015,13:34:48,"16,5",M
1672,745,bbq_ckn_l,1,13-01-2015,13:36:53,"20,75",L
1673,745,cali_ckn_m,1,13-01-2015,13:36:53,"16,75",M
1674,745,classic_dlx_m,1,13-01-2015,13:36:53,16,M
1675,745,four_cheese_m,1,13-01-2015,13:36:53,"14,75",M
1676,745,mediterraneo_m,1,13-01-2015,13:36:53,16,M
1677,745,napolitana_l,1,13-01-2015,13:36:53,"20,5",L
1678,745,the_greek_m,1,13-01-2015,13:36:53,16,M
1679,746,spicy_ital_l,1,13-01-2015,13:41:13,"20,75",L
1680,746,veggie_veg_m,1,13-01-2015,13:41:13,16,M
1681,747,mexicana_l,1,13-01-2015,14:15:02,"20,25",L
1682,747,sicilian_s,1,13-01-2015,14:15:02,"12,25",S
1683,747,spicy_ital_l,1,13-01-2015,14:15:02,"20,75",L
1684,748,five_cheese_l,1,13-01-2015,14:27:31,"18,5",L
1685,749,pepperoni_m,1,13-01-2015,14:29:23,"12,5",M
1686,750,pep_msh_pep_m,1,13-01-2015,14:48:09,"14,5",M
1687,751,calabrese_l,1,13-01-2015,15:07:35,"20,25",L
1688,751,hawaiian_s,1,13-01-2015,15:07:35,"10,5",S
1689,751,napolitana_s,1,13-01-2015,15:07:35,12,S
1690,751,veggie_veg_m,1,13-01-2015,15:07:35,16,M
1691,752,hawaiian_s,1,13-01-2015,15:19:25,"10,5",S
1692,752,soppressata_s,1,13-01-2015,15:19:25,"12,5",S
1693,753,green_garden_s,1,13-01-2015,15:22:11,12,S
1694,753,hawaiian_s,1,13-01-2015,15:22:11,"10,5",S
1695,753,ital_supr_m,1,13-01-2015,15:22:11,"16,5",M
1696,753,prsc_argla_l,1,13-01-2015,15:22:11,"20,75",L
1697,754,pep_msh_pep_m,1,13-01-2015,15:47:56,"14,5",M
1698,754,southw_ckn_l,1,13-01-2015,15:47:56,"20,75",L
1699,755,bbq_ckn_m,1,13-01-2015,15:50:49,"16,75",M
1700,755,four_cheese_m,1,13-01-2015,15:50:49,"14,75",M
1701,756,ckn_pesto_s,1,13-01-2015,15:55:11,"12,75",S
1702,756,spin_pesto_m,1,13-01-2015,15:55:11,"16,5",M
1703,756,veggie_veg_s,1,13-01-2015,15:55:11,12,S
1704,757,napolitana_l,1,13-01-2015,16:10:34,"20,5",L
1705,757,pepperoni_m,1,13-01-2015,16:10:34,"12,5",M
1706,757,spicy_ital_l,1,13-01-2015,16:10:34,"20,75",L
1707,757,veggie_veg_m,1,13-01-2015,16:10:34,16,M
1708,758,four_cheese_m,1,13-01-2015,16:14:43,"14,75",M
1709,758,prsc_argla_s,1,13-01-2015,16:14:43,"12,5",S
1710,759,calabrese_l,1,13-01-2015,16:14:56,"20,25",L
1711,760,cali_ckn_s,1,13-01-2015,16:27:40,"12,75",S
1712,761,sicilian_s,1,13-01-2015,16:30:20,"12,25",S
1713,761,soppressata_m,1,13-01-2015,16:30:20,"16,5",M
1714,762,ital_cpcllo_l,1,13-01-2015,16:36:36,"20,5",L
1715,762,soppressata_l,1,13-01-2015,16:36:36,"20,75",L
1716,762,thai_ckn_l,1,13-01-2015,16:36:36,"20,75",L
1717,762,the_greek_xl,1,13-01-2015,16:36:36,"25,5",XL
1718,763,classic_dlx_m,1,13-01-2015,16:38:57,16,M
1719,764,ital_supr_m,1,13-01-2015,16:39:39,"16,5",M
1720,764,the_greek_xl,1,13-01-2015,16:39:39,"25,5",XL
1721,765,cali_ckn_s,1,13-01-2015,17:11:41,"12,75",S
1722,765,ital_cpcllo_l,1,13-01-2015,17:11:41,"20,5",L
1723,765,peppr_salami_s,1,13-01-2015,17:11:41,"12,5",S
1724,765,sicilian_s,1,13-01-2015,17:11:41,"12,25",S
1725,766,ital_veggie_s,1,13-01-2015,17:21:45,"12,75",S
1726,766,mexicana_m,1,13-01-2015,17:21:45,16,M
1727,766,southw_ckn_l,1,13-01-2015,17:21:45,"20,75",L
1728,767,classic_dlx_l,1,13-01-2015,17:21:48,"20,5",L
1729,768,brie_carre_s,1,13-01-2015,17:23:34,"23,65",S
1730,769,four_cheese_m,1,13-01-2015,17:43:17,"14,75",M
1731,770,peppr_salami_l,1,13-01-2015,17:44:13,"20,75",L
1732,770,sicilian_s,1,13-01-2015,17:44:13,"12,25",S
1733,771,cali_ckn_m,1,13-01-2015,17:59:32,"16,75",M
1734,771,sicilian_s,1,13-01-2015,17:59:32,"12,25",S
1735,772,ital_veggie_m,1,13-01-2015,18:07:59,"16,75",M
1736,773,classic_dlx_m,1,13-01-2015,18:18:15,16,M
1737,773,pep_msh_pep_l,1,13-01-2015,18:18:15,"17,5",L
1738,774,ckn_pesto_l,1,13-01-2015,18:31:07,"20,75",L
1739,774,spinach_fet_s,1,13-01-2015,18:31:07,12,S
1740,775,bbq_ckn_l,1,13-01-2015,18:42:12,"20,75",L
1741,775,five_cheese_l,1,13-01-2015,18:42:12,"18,5",L
1742,775,pep_msh_pep_s,1,13-01-2015,18:42:12,11,S
1743,775,prsc_argla_m,1,13-01-2015,18:42:12,"16,5",M
1744,776,spinach_fet_s,1,13-01-2015,18:50:43,12,S
1745,776,thai_ckn_l,2,13-01-2015,18:50:43,"20,75",L
1746,777,bbq_ckn_l,1,13-01-2015,19:10:20,"20,75",L
1747,777,the_greek_m,1,13-01-2015,19:10:20,16,M
1748,778,four_cheese_m,1,13-01-2015,19:18:08,"14,75",M
1749,778,ital_supr_m,1,13-01-2015,19:18:08,"16,5",M
1750,778,prsc_argla_m,1,13-01-2015,19:18:08,"16,5",M
1751,778,southw_ckn_m,1,13-01-2015,19:18:08,"16,75",M
1752,779,classic_dlx_m,1,13-01-2015,19:19:58,16,M
1753,779,ital_cpcllo_m,1,13-01-2015,19:19:58,16,M
1754,779,ital_supr_l,1,13-01-2015,19:19:58,"20,75",L
1755,779,ital_supr_m,1,13-01-2015,19:19:58,"16,5",M
1756,780,big_meat_s,1,13-01-2015,20:12:49,12,S
1757,780,ital_cpcllo_l,1,13-01-2015,20:12:49,"20,5",L
1758,781,ital_cpcllo_l,1,13-01-2015,20:31:17,"20,5",L
1759,781,southw_ckn_l,1,13-01-2015,20:31:17,"20,75",L
1760,781,southw_ckn_m,1,13-01-2015,20:31:17,"16,75",M
1761,781,veggie_veg_l,1,13-01-2015,20:31:17,"20,25",L
1762,782,calabrese_l,1,13-01-2015,20:36:27,"20,25",L
1763,782,thai_ckn_l,1,13-01-2015,20:36:27,"20,75",L
1764,783,spinach_fet_m,1,13-01-2015,21:17:08,16,M
1765,783,thai_ckn_l,1,13-01-2015,21:17:08,"20,75",L
1766,783,veggie_veg_m,1,13-01-2015,21:17:08,16,M
1767,784,napolitana_m,1,13-01-2015,21:39:41,16,M
1768,785,hawaiian_l,1,14-01-2015,11:28:44,"16,5",L
1769,785,southw_ckn_l,1,14-01-2015,11:28:44,"20,75",L
1770,786,five_cheese_l,1,14-01-2015,11:35:30,"18,5",L
1771,787,cali_ckn_m,1,14-01-2015,11:45:30,"16,75",M
1772,787,spicy_ital_l,1,14-01-2015,11:45:30,"20,75",L
1773,788,sicilian_s,1,14-01-2015,11:46:19,"12,25",S
1774,789,spinach_fet_l,1,14-01-2015,11:51:37,"20,25",L
1775,790,five_cheese_l,1,14-01-2015,12:07:30,"18,5",L
1776,790,spinach_supr_l,1,14-01-2015,12:07:30,"20,75",L
1777,791,pepperoni_s,1,14-01-2015,12:23:54,"9,75",S
1778,791,thai_ckn_m,1,14-01-2015,12:23:54,"16,75",M
1779,792,ckn_alfredo_m,1,14-01-2015,12:37:48,"16,75",M
1780,792,four_cheese_l,1,14-01-2015,12:37:48,"17,95",L
1781,792,ital_veggie_m,1,14-01-2015,12:37:48,"16,75",M
1782,792,mexicana_l,1,14-01-2015,12:37:48,"20,25",L
1783,792,prsc_argla_s,1,14-01-2015,12:37:48,"12,5",S
1784,792,spin_pesto_l,2,14-01-2015,12:37:48,"20,75",L
1785,792,veggie_veg_m,1,14-01-2015,12:37:48,16,M
1786,793,prsc_argla_l,1,14-01-2015,12:38:27,"20,75",L
1787,794,napolitana_m,1,14-01-2015,12:39:16,16,M
1788,795,five_cheese_l,1,14-01-2015,12:42:17,"18,5",L
1789,796,mexicana_m,1,14-01-2015,12:43:09,16,M
1790,797,peppr_salami_m,1,14-01-2015,12:50:01,"16,5",M
1791,797,prsc_argla_m,1,14-01-2015,12:50:01,"16,5",M
1792,797,veggie_veg_m,1,14-01-2015,12:50:01,16,M
1793,798,five_cheese_l,1,14-01-2015,12:50:30,"18,5",L
1794,798,green_garden_s,1,14-01-2015,12:50:30,12,S
1795,798,soppressata_s,1,14-01-2015,12:50:30,"12,5",S
1796,798,spinach_fet_m,1,14-01-2015,12:50:30,16,M
1797,799,ital_supr_m,1,14-01-2015,12:51:29,"16,5",M
1798,799,pep_msh_pep_s,1,14-01-2015,12:51:29,11,S
1799,799,thai_ckn_m,1,14-01-2015,12:51:29,"16,75",M
1800,800,calabrese_l,2,14-01-2015,12:54:35,"20,25",L
1801,800,hawaiian_s,1,14-01-2015,12:54:35,"10,5",S
1802,800,ital_veggie_s,1,14-01-2015,12:54:35,"12,75",S
1803,800,napolitana_s,1,14-01-2015,12:54:35,12,S
1804,800,southw_ckn_s,2,14-01-2015,12:54:35,"12,75",S
1805,800,spicy_ital_l,1,14-01-2015,12:54:35,"20,75",L
1806,801,bbq_ckn_m,1,14-01-2015,13:10:53,"16,75",M
1807,801,classic_dlx_l,1,14-01-2015,13:10:53,"20,5",L
1808,801,classic_dlx_s,1,14-01-2015,13:10:53,12,S
1809,801,ital_supr_m,1,14-01-2015,13:10:53,"16,5",M
1810,801,napolitana_l,1,14-01-2015,13:10:53,"20,5",L
1811,801,sicilian_l,1,14-01-2015,13:10:53,"20,25",L
1812,801,sicilian_s,2,14-01-2015,13:10:53,"12,25",S
1813,801,southw_ckn_l,1,14-01-2015,13:10:53,"20,75",L
1814,801,southw_ckn_s,1,14-01-2015,13:10:53,"12,75",S
1815,801,spin_pesto_l,1,14-01-2015,13:10:53,"20,75",L
1816,801,spinach_supr_l,1,14-01-2015,13:10:53,"20,75",L
1817,801,thai_ckn_l,1,14-01-2015,13:10:53,"20,75",L
1818,802,ckn_alfredo_s,1,14-01-2015,13:23:47,"12,75",S
1819,802,hawaiian_s,1,14-01-2015,13:23:47,"10,5",S
1820,803,ital_supr_m,1,14-01-2015,13:37:51,"16,5",M
1821,804,prsc_argla_s,1,14-01-2015,13:42:01,"12,5",S
1822,805,big_meat_s,1,14-01-2015,14:07:52,12,S
1823,805,four_cheese_m,1,14-01-2015,14:07:52,"14,75",M
1824,806,bbq_ckn_l,1,14-01-2015,14:12:22,"20,75",L
1825,807,big_meat_s,1,14-01-2015,14:15:29,12,S
1826,808,peppr_salami_l,2,14-01-2015,14:15:32,"20,75",L
1827,809,hawaiian_s,1,14-01-2015,14:26:17,"10,5",S
1828,810,ital_veggie_m,1,14-01-2015,14:48:30,"16,75",M
1829,811,veggie_veg_m,1,14-01-2015,14:48:56,16,M
1830,812,calabrese_s,1,14-01-2015,15:37:45,"12,25",S
1831,812,pep_msh_pep_m,1,14-01-2015,15:37:45,"14,5",M
1832,813,cali_ckn_s,1,14-01-2015,16:09:29,"12,75",S
1833,813,southw_ckn_l,1,14-01-2015,16:09:29,"20,75",L
1834,814,classic_dlx_s,1,14-01-2015,16:21:23,12,S
1835,814,veggie_veg_l,1,14-01-2015,16:21:23,"20,25",L
1836,815,napolitana_l,1,14-01-2015,16:38:00,"20,5",L
1837,816,southw_ckn_l,1,14-01-2015,17:04:08,"20,75",L
1838,816,veggie_veg_l,1,14-01-2015,17:04:08,"20,25",L
1839,817,classic_dlx_s,1,14-01-2015,17:10:38,12,S
1840,817,pepperoni_m,1,14-01-2015,17:10:38,"12,5",M
1841,817,southw_ckn_l,1,14-01-2015,17:10:38,"20,75",L
1842,817,thai_ckn_l,1,14-01-2015,17:10:38,"20,75",L
1843,818,pep_msh_pep_s,1,14-01-2015,17:15:50,11,S
1844,818,sicilian_l,1,14-01-2015,17:15:50,"20,25",L
1845,818,sicilian_s,1,14-01-2015,17:15:50,"12,25",S
1846,819,bbq_ckn_m,1,14-01-2015,17:21:39,"16,75",M
1847,819,sicilian_s,1,14-01-2015,17:21:39,"12,25",S
1848,820,southw_ckn_l,1,14-01-2015,17:24:09,"20,75",L
1849,820,spinach_supr_l,1,14-01-2015,17:24:09,"20,75",L
1850,821,five_cheese_l,1,14-01-2015,17:37:26,"18,5",L
1851,822,the_greek_xl,1,14-01-2015,17:38:53,"25,5",XL
1852,823,bbq_ckn_m,1,14-01-2015,17:42:17,"16,75",M
1853,823,cali_ckn_m,1,14-01-2015,17:42:17,"16,75",M
1854,823,the_greek_l,1,14-01-2015,17:42:17,"20,5",L
1855,824,cali_ckn_l,1,14-01-2015,17:53:41,"20,75",L
1856,824,classic_dlx_l,1,14-01-2015,17:53:41,"20,5",L
1857,824,ital_supr_s,1,14-01-2015,17:53:41,"12,5",S
1858,824,sicilian_l,1,14-01-2015,17:53:41,"20,25",L
1859,825,five_cheese_l,1,14-01-2015,18:06:06,"18,5",L
1860,825,sicilian_s,1,14-01-2015,18:06:06,"12,25",S
1861,826,ckn_pesto_l,1,14-01-2015,18:06:14,"20,75",L
1862,826,ital_supr_l,1,14-01-2015,18:06:14,"20,75",L
1863,826,pepperoni_l,1,14-01-2015,18:06:14,"15,25",L
1864,827,ckn_alfredo_m,1,14-01-2015,18:09:48,"16,75",M
1865,827,napolitana_l,1,14-01-2015,18:09:48,"20,5",L
1866,828,ckn_pesto_l,1,14-01-2015,18:23:55,"20,75",L
1867,828,peppr_salami_l,1,14-01-2015,18:23:55,"20,75",L
1868,829,napolitana_m,1,14-01-2015,18:27:42,16,M
1869,829,peppr_salami_m,1,14-01-2015,18:27:42,"16,5",M
1870,829,spicy_ital_s,1,14-01-2015,18:27:42,"12,5",S
1871,829,spinach_supr_s,1,14-01-2015,18:27:42,"12,5",S
1872,830,hawaiian_m,1,14-01-2015,18:38:17,"13,25",M
1873,830,ital_supr_m,1,14-01-2015,18:38:17,"16,5",M
1874,830,pepperoni_m,1,14-01-2015,18:38:17,"12,5",M
1875,831,calabrese_l,1,14-01-2015,18:38:20,"20,25",L
1876,831,ckn_pesto_l,1,14-01-2015,18:38:20,"20,75",L
1877,831,ckn_pesto_m,1,14-01-2015,18:38:20,"16,75",M
1878,831,classic_dlx_m,1,14-01-2015,18:38:20,16,M
1879,832,hawaiian_l,1,14-01-2015,18:47:06,"16,5",L
1880,833,big_meat_s,1,14-01-2015,19:07:45,12,S
1881,833,napolitana_s,1,14-01-2015,19:07:45,12,S
1882,834,ckn_pesto_l,1,14-01-2015,19:25:16,"20,75",L
1883,834,pepperoni_s,1,14-01-2015,19:25:16,"9,75",S
1884,834,prsc_argla_s,1,14-01-2015,19:25:16,"12,5",S
1885,834,spinach_fet_l,1,14-01-2015,19:25:16,"20,25",L
1886,835,bbq_ckn_l,1,14-01-2015,19:56:01,"20,75",L
1887,835,bbq_ckn_s,1,14-01-2015,19:56:01,"12,75",S
1888,835,pepperoni_m,1,14-01-2015,19:56:01,"12,5",M
1889,835,southw_ckn_l,1,14-01-2015,19:56:01,"20,75",L
1890,836,five_cheese_l,1,14-01-2015,20:08:08,"18,5",L
1891,836,four_cheese_l,1,14-01-2015,20:08:08,"17,95",L
1892,836,hawaiian_s,1,14-01-2015,20:08:08,"10,5",S
1893,836,the_greek_xl,1,14-01-2015,20:08:08,"25,5",XL
1894,837,ital_supr_m,1,14-01-2015,20:12:27,"16,5",M
1895,838,ckn_alfredo_m,1,14-01-2015,20:33:57,"16,75",M
1896,838,ital_supr_m,1,14-01-2015,20:33:57,"16,5",M
1897,838,veggie_veg_m,1,14-01-2015,20:33:57,16,M
1898,839,mexicana_l,2,14-01-2015,20:40:40,"20,25",L
1899,840,ital_supr_l,1,14-01-2015,20:46:12,"20,75",L
1900,841,peppr_salami_l,1,14-01-2015,20:57:40,"20,75",L
1901,842,spin_pesto_s,1,14-01-2015,21:09:39,"12,5",S
1902,842,spinach_fet_m,1,14-01-2015,21:09:39,16,M
1903,842,spinach_supr_s,1,14-01-2015,21:09:39,"12,5",S
1904,843,spinach_supr_m,1,14-01-2015,21:32:21,"16,5",M
1905,844,veggie_veg_m,1,14-01-2015,21:36:58,16,M
1906,845,classic_dlx_l,1,14-01-2015,21:42:56,"20,5",L
1907,845,five_cheese_l,1,14-01-2015,21:42:56,"18,5",L
1908,845,ital_supr_m,1,14-01-2015,21:42:56,"16,5",M
1909,845,southw_ckn_l,1,14-01-2015,21:42:56,"20,75",L
1910,846,cali_ckn_l,1,14-01-2015,22:16:24,"20,75",L
1911,846,five_cheese_l,1,14-01-2015,22:16:24,"18,5",L
1912,847,pepperoni_m,1,15-01-2015,11:37:03,"12,5",M
1913,848,big_meat_s,1,15-01-2015,11:56:46,12,S
1914,849,classic_dlx_m,1,15-01-2015,12:08:30,16,M
1915,849,sicilian_s,1,15-01-2015,12:08:30,"12,25",S
1916,849,spicy_ital_l,1,15-01-2015,12:08:30,"20,75",L
1917,849,spicy_ital_s,1,15-01-2015,12:08:30,"12,5",S
1918,850,four_cheese_l,1,15-01-2015,12:15:35,"17,95",L
1919,850,southw_ckn_l,1,15-01-2015,12:15:35,"20,75",L
1920,850,thai_ckn_m,1,15-01-2015,12:15:35,"16,75",M
1921,851,bbq_ckn_l,1,15-01-2015,12:20:22,"20,75",L
1922,852,thai_ckn_m,1,15-01-2015,12:33:51,"16,75",M
1923,853,pepperoni_m,1,15-01-2015,12:36:39,"12,5",M
1924,854,pepperoni_s,1,15-01-2015,12:51:19,"9,75",S
1925,854,soppressata_l,1,15-01-2015,12:51:19,"20,75",L
1926,855,five_cheese_l,1,15-01-2015,12:56:54,"18,5",L
1927,855,sicilian_m,1,15-01-2015,12:56:54,"16,25",M
1928,855,southw_ckn_s,1,15-01-2015,12:56:54,"12,75",S
1929,855,spin_pesto_m,1,15-01-2015,12:56:54,"16,5",M
1930,855,veggie_veg_m,1,15-01-2015,12:56:54,16,M
1931,856,spicy_ital_l,1,15-01-2015,12:59:20,"20,75",L
1932,857,napolitana_s,1,15-01-2015,13:01:53,12,S
1933,858,peppr_salami_s,1,15-01-2015,13:03:42,"12,5",S
1934,858,thai_ckn_l,1,15-01-2015,13:03:42,"20,75",L
1935,858,veggie_veg_m,1,15-01-2015,13:03:42,16,M
1936,859,big_meat_s,1,15-01-2015,13:05:13,12,S
1937,859,calabrese_m,1,15-01-2015,13:05:13,"16,25",M
1938,859,ckn_alfredo_m,1,15-01-2015,13:05:13,"16,75",M
1939,859,the_greek_l,1,15-01-2015,13:05:13,"20,5",L
1940,860,sicilian_s,1,15-01-2015,13:07:53,"12,25",S
1941,860,spicy_ital_m,1,15-01-2015,13:07:53,"16,5",M
1942,861,prsc_argla_l,1,15-01-2015,13:08:44,"20,75",L
1943,862,southw_ckn_m,1,15-01-2015,13:10:45,"16,75",M
1944,863,thai_ckn_m,1,15-01-2015,13:12:29,"16,75",M
1945,864,big_meat_s,1,15-01-2015,14:04:23,12,S
1946,864,hawaiian_s,1,15-01-2015,14:04:23,"10,5",S
1947,864,ital_supr_l,1,15-01-2015,14:04:23,"20,75",L
1948,864,mediterraneo_m,1,15-01-2015,14:04:23,16,M
1949,864,sicilian_l,1,15-01-2015,14:04:23,"20,25",L
1950,864,spinach_fet_l,1,15-01-2015,14:04:23,"20,25",L
1951,864,spinach_supr_l,1,15-01-2015,14:04:23,"20,75",L
1952,864,the_greek_m,1,15-01-2015,14:04:23,16,M
1953,864,veggie_veg_m,1,15-01-2015,14:04:23,16,M
1954,865,classic_dlx_s,1,15-01-2015,14:10:00,12,S
1955,866,peppr_salami_m,1,15-01-2015,14:18:09,"16,5",M
1956,867,hawaiian_l,1,15-01-2015,14:19:28,"16,5",L
1957,867,hawaiian_s,1,15-01-2015,14:19:28,"10,5",S
1958,868,soppressata_m,1,15-01-2015,14:27:25,"16,5",M
1959,869,spinach_supr_m,1,15-01-2015,14:31:43,"16,5",M
1960,869,thai_ckn_l,1,15-01-2015,14:31:43,"20,75",L
1961,870,five_cheese_l,1,15-01-2015,14:38:31,"18,5",L
1962,870,four_cheese_m,1,15-01-2015,14:38:31,"14,75",M
1963,871,ckn_alfredo_s,1,15-01-2015,14:45:22,"12,75",S
1964,872,prsc_argla_m,1,15-01-2015,14:48:37,"16,5",M
1965,873,pepperoni_m,1,15-01-2015,15:06:15,"12,5",M
1966,874,pep_msh_pep_s,1,15-01-2015,15:20:36,11,S
1967,874,southw_ckn_l,1,15-01-2015,15:20:36,"20,75",L
1968,875,cali_ckn_m,1,15-01-2015,15:23:21,"16,75",M
1969,876,hawaiian_s,1,15-01-2015,15:27:03,"10,5",S
1970,876,southw_ckn_s,1,15-01-2015,15:27:03,"12,75",S
1971,876,spicy_ital_l,1,15-01-2015,15:27:03,"20,75",L
1972,877,four_cheese_l,1,15-01-2015,15:32:59,"17,95",L
1973,878,cali_ckn_m,1,15-01-2015,16:05:58,"16,75",M
1974,879,southw_ckn_s,1,15-01-2015,16:12:57,"12,75",S
1975,879,spinach_supr_s,1,15-01-2015,16:12:57,"12,5",S
1976,879,veggie_veg_m,1,15-01-2015,16:12:57,16,M
1977,880,pepperoni_l,1,15-01-2015,16:19:26,"15,25",L
1978,880,pepperoni_s,1,15-01-2015,16:19:26,"9,75",S
1979,881,cali_ckn_m,1,15-01-2015,16:40:04,"16,75",M
1980,881,ital_supr_s,1,15-01-2015,16:40:04,"12,5",S
1981,882,prsc_argla_m,1,15-01-2015,16:44:46,"16,5",M
1982,882,spinach_fet_s,1,15-01-2015,16:44:46,12,S
1983,882,thai_ckn_l,1,15-01-2015,16:44:46,"20,75",L
1984,883,cali_ckn_m,1,15-01-2015,16:56:05,"16,75",M
1985,883,classic_dlx_s,1,15-01-2015,16:56:05,12,S
1986,883,hawaiian_s,1,15-01-2015,16:56:05,"10,5",S
1987,883,prsc_argla_s,1,15-01-2015,16:56:05,"12,5",S
1988,884,hawaiian_s,1,15-01-2015,16:57:15,"10,5",S
1989,885,mexicana_m,1,15-01-2015,16:57:55,16,M
1990,885,sicilian_s,1,15-01-2015,16:57:55,"12,25",S
1991,885,spicy_ital_m,1,15-01-2015,16:57:55,"16,5",M
1992,885,the_greek_xl,1,15-01-2015,16:57:55,"25,5",XL
